2640 4430
440 313 478 326 ..
500 282 541 342 49
561 313 599 326 -

40 385 108 490 illis
136 384 272 458 tributis
297 411 387 485 quae
412 411 474 458 nos
501 385 647 458 dicimus
674 382 850 472 indireeta,
865 383 929 458 sed
947 410 1002 460 so-

40 495 109 567 lum
135 495 293 569 convenit
318 494 398 581 illis,
415 499 503 595 quae
530 521 590 568 nos
617 494 762 567 dicimus
788 496 999 570 exambiam

40 605 210 678 sententia
234 605 397 678 solvenda
422 631 499 678 esse
525 605 560 677 in
586 604 793 678 conscientie
818 621 932 706 utpote
958 631 1000 678 ex

37 731 214 789 oontraetu
248 716 382 802 debita,
417 743 494 788 nam
527 714 574 787 ibi
607 715 749 811 vectigal
784 715 998 812 signifieabat

41 826 239 924 pensionem
259 852 347 924 quae
364 825 574 924 pendebatur
590 851 630 898 err
649 826 858 926 terris,quae
875 826 1000 926 aprin-

36 937 130 1034 oipio
156 935 199 1007 ad
226 937 418 1036 principum
457 936 735 1010 sustentationem
770 936 905 1010 luerunt
929 963 998 1036 ap-

40 1047 196 1144 plicatae,
214 1072 369 1146 quasque
394 1047 461 1144 ipsi
480 1047 514 1117 in
533 1047 771 1145 emphiteusim
789 1047 841 1121 rel
860 1047 997 1122 laudum

40 1157 117 1230 aliis
143 1157 322 1230 donarunt.

113 1269 179 1340 Sed
206 1268 338 1341 videtur
364 1291 465 1366 posse
491 1267 628 1342 concedi
656 1268 859 1342 adversariis
890 1283 997 1344 totum

38 1379 71 1450 id
100 1378 191 1479 quod
218 1377 342 1451 babent
367 1378 402 1449 in
427 1379 527 1466 rotis,
548 1394 581 1452 et
603 1405 703 1480 posse
721 1378 852 1453 admitti
871 1379 1000 1454 Tertul-

38 1489 169 1562 lianum
194 1505 228 1562 et
254 1489 306 1562 sui
333 1491 492 1588 temporis
517 1490 721 1565 christianos
756 1491 896 1564 eandem
923 1490 999 1591 opi-

38 1601 175 1686 nionem
194 1599 346 1672 dividere
364 1625 440 1673 oum
460 1600 528 1671 ΑΛ.
551 1603 680 1699 primae
698 1601 897 1689 sententiae,
915 1602 998 1702 quio

37 1729 152 1785 tamen
171 1736 330 1808 cogemur
347 1712 426 1784 inde
444 1728 596 1786 anostra
614 1713 779 1786 sententia
799 1714 964 1789 recedere.

113 1823 197 1894 Nom
226 1821 350 1895 multae
376 1822 466 1918 leges
484 1839 627 1921 possunt
644 1849 704 1922 per
718 1825 998 1900 consuetudinem

37 1933 221 2020 moderari,
244 1950 281 2004 ut
306 1933 364 2006 illa
390 1960 476 2033 quae
503 1932 604 2007 bodie
629 1960 698 2007 uno
724 1936 823 2008 modo
849 1937 1017 2034 obliget,=

32 2043 142 2116 aliter
163 2060 281 2140 urgeat
306 2044 373 2117 alio
399 2060 565 2144 tempore,
596 2043 683 2118 sieut
709 2062 741 2120 et
767 2046 892 2128 multae
922 2074 1001 2146 pos·

37 2172 123 2228 sunt
149 2181 208 2254 por
232 2155 434 2229 contrariam
459 2156 740 2231 consuetudinem
767 2157 936 2254 abrogari,
964 2151 1001 2233 ut

36 2267 82 2339 de
108 2267 196 2339 laeto
222 2267 332 2338 evenit
349 2265 462 2366 quoad
481 2267 596 2366 plures
614 2271 716 2370 etiam
735 2269 997 2344 ecclesiasticas.

114 2378 203 2449 llino
228 2403 270 2448 ex
294 2403 334 2450 eo
361 2377 452 2476 quod
485 2404 518 2449 v.
549 2405 600 2475 gr.
630 2394 779 2478 tompore
804 2381 1001 2454 Tertulliani

36 2491 133 2586 leges
170 2487 370 2561 tributorum
405 2488 601 2586 obligabant
633 2515 673 2564 eo
705 2490 900 2588 modoque
928 2491 1002 2562 vult

35 2590 150 2700 prima
176 2600 443 2687 sententiarum
469 2601 623 2699 sequitur
648 2600 739 2700 quod
768 2617 904 2699 propter
919 2625 1001 2674 ouu-

32 2711 255 2787 euetudinom
282 2711 378 2784 aliter
404 2735 493 2784 nune
520 2711 598 2784 illas
616 2711 709 2807 leges
727 2711 1000 2809 interpretantem

32 2823 88 2897 vel
117 2837 235 2897 eontra
259 2821 336 2895 illas
362 2822 475 2920 quoad
502 2836 631 2919 partem
658 2820 876 2917 obligationis
904 2845 998 2919 prae-

32 2933 265 3016 scribentem,
296 2958 361 3006 non
390 2931 498 3030 possit
524 2932 602 3030 quis
629 2931 726 3004 aliter
751 2931 841 3004 cirea
865 2927 1001 3003 illarum

31 3046 108 3117 vim
136 3055 170 3116 et
194 3042 433 3139 obligationem
461 3043 598 3115 sentire.

113 3154 266 3226 lemuero
291 3152 363 3226 dari
390 3153 669 3226 eonsuetudinem
697 3178 784 3251 quae
802 3150 936 3225 illarum
954 3151 1003 3225 le·

27 3291 121 3363 gum
138 3261 376 3359 obligationem
393 3260 504 3336 valeat
522 3260 795 3348 limitamentum
813 3261 892 3336 dato
909 3262 1003 3362 quod

28 3376 122 3450 olim
151 3373 337 3470 originario
366 3371 593 3468 urgentiorem
628 3370 865 3470 obligationem
904 3398 1004 3471 prae-

29 3485 218 3572 seferrent,
233 3497 369 3558 onustat
390 3507 434 3556 ax
456 3480 716 3582 probationibus
743 3481 913 3558 sanandae
929 3507 1006 3556 aeu-

28 3595 353 3684 tentiaeetetinm
378 3609 419 3672 e'x
439 3591 599 3671 &randis
618 3593 795 3672 'monebit
817 3593 911 3766 bopo
926 3615 1008 3668 eon·
