2640 4430
478 323 515 336 ..
540 293 577 350 13
598 323 636 336 .-

72 395 329 479 insufficientia‚
351 394 442 493 quod
469 397 641 496 aliquibus
667 423 707 470 cx
736 399 964 495 peculiaribus
984 428 1038 473 ra·

72 507 224 581 tionibus
250 506 384 578 videtur
410 508 518 602 magis
543 508 677 580 extendi
707 534 805 606 posse
831 510 874 582 ad
892 511 1038 608 Deputa·

73 633 126 690 tos
154 618 188 688 in
216 643 319 714 regno
346 615 606 716 parlamentario
635 620 739 714 (Lugo
759 622 851 715 db).
967 663 969 670 ·

149 729 257 827 Magis
284 747 394 801 tamen
414 729 524 825 placet
541 729 681 802 aliorum
703 734 882 818 sententia,
905 737 962 833 qui
982 736 1035 806 di-

72 861 165 926 cunt,
189 842 377 940 principem
406 867 472 914 non
492 868 591 939 posse
610 843 770 916 tributum
790 845 952 931 indicere,
966 848 1032 930 nisi

73 953 247 1026 moraliter
273 953 336 1052 ipsi
365 971 495 1024 constet
512 953 554 1024 de
582 955 709 1026 iustitia
735 981 872 1039 causae,
892 956 946 1027 vel
974 957 1033 1030 ba·

73 1066 152 1137 beat
171 1064 289 1137 saltem
311 1091 370 1164 pro
388 1064 463 1163 ipsa
482 1065 627 1138 rationes
646 1065 826 1140 validiores
848 1067 1029 1169 (Billuart);

72 1202 140 1248 non
167 1176 257 1248 enirn
285 1175 417 1247 videtur
442 1174 568 1247 licitum
595 1175 766 1273 expoliare
786 1176 940 1252 subditos
960 1179 1032 1254 iure

69 1304 163 1358 certo
198 1313 259 1357 sua
296 1287 381 1358 bona
417 1286 614 1382 possidendi
651 1313 726 1359 cum
763 1288 835 1361 sola
870 1290 1031 1387 opinione

68 1397 253 1496 probabili.

143 1509 256 1581 Tertia
280 1507 442 1592 conditio,
464 1534 551 1606 quac
571 1509 753 1606 requiritur
769 1511 812 1582 ad
833 1511 1031 1583 iustamtri-

67 1620 142 1692 buti
170 1619 420 1717 impositionem
447 1638 499 1691 est
525 1621 695 1718 proportio
718 1619 843 1694 debita.
862 1622 953 1694 Haec
970 1649 1030 1695 au-

67 1748 135 1803 tem
164 1729 318 1829 requirit,
335 1747 372 1802 ut
389 1755 493 1828 quum
512 1756 615 1804 eausa
636 1730 750 1803 tributi
768 1758 885 1806 omnes
904 1760 1029 1832 aequa-

65 1843 145 1914 liter
170 1859 312 1941 spectat,
336 1842 411 1941 plus
438 1860 619 1938 graventur
645 1843 703 1940 qui
721 1843 861 1917 ditiores
881 1863 973 1930 sunt,
996 1867 1029 1918 ot

66 1971 104 2025 ut
130 1953 244 2026 minus
270 1951 403 2026 solvant
428 1953 487 2051 qui
514 1953 661 2026 minores
690 1953 815 2025 babent
831 1955 1023 2028 facultates.

64 2063 102 2135 Si
126 2089 208 2136 vcro
232 2088 336 2136 causa
362 2089 428 2134 non
455 2089 573 2136 omnes
599 2062 785 2160 aequaliter
802 2080 942 2160 spectet,
957 2092 1027 2138 ma-

63 2176 119 2274 gis
146 2174 195 2245 illi
221 2174 381 2248 onerandi
409 2191 499 2259 sunt,
520 2200 607 2274 quos
634 2175 741 2271 magis
768 2192 909 2274 spectat.
939 2176 1027 2250 Hinc

63 2287 239 2387 principes
264 2302 296 2358 et
322 2286 539 2383 magistratus
566 2285 691 2358 iniuste
708 2303 824 2382 agunt,
846 2287 874 2358 si
895 2287 1026 2386 absque

61 2396 261 2471 rationabili
292 2423 397 2469 causa
422 2395 466 2468 ab
491 2395 651 2470 oneribus
685 2397 921 2492 communibus
954 2397 1024 2470 ali-

62 2537 165 2612 quem
194 2508 338 2581 reddant
362 2509 567 2595 immunem,
598 2509 801 2608 imponendo
835 2509 887 2582 vel
923 2509 1024 2582 relin-

58 2620 201 2721 quendo
227 2619 304 2692 aliis
331 2635 424 2693 tanto
449 2620 586 2717 gravius
612 2646 699 2694 onus
716 2636 912 2695 consuetam
932 2646 1025 2694 sum-

60 2757 154 2804 mam
172 2729 460 2803 contributionum
481 2728 664 2827 pendendi.
680 2729 828 2804 Delbene
854 2755 959 2828 penes
979 2731 1023 2803 ba

57 2842 164 2915 Groix
185 2840 222 2939 (l.
237 2843 270 2912 3.
284 2856 370 2940 part.
384 2843 418 2911 2.
432 2843 548 2934 268),
561 2838 681 2913 Collet.
697 2839 753 2936 (de
769 2839 898 2936 obblig.
910 2843 1019 2937 c.8.).

136 2951 201 3025 Hic
225 2951 400 3051 quaeritur
424 2977 468 3024 an
495 2950 657 3023 tributum
683 2951 879 3049 impositum
898 2949 941 3023 ob
956 2951 1024 3024 uti·

56 3065 191 3138 litatem
216 3062 363 3136 alicuius
390 3061 469 3149 loci,
492 3062 580 3136 iuste
605 3063 759 3159 exigatur
783 3061 885 3136 etiam
903 3062 948 3134 ab
964 3085 1023 3136 ex-

57 3175 156 3264 teris,
177 3174 237 3274 qui
263 3173 331 3246 buc
355 3173 570 3260 conveniant3
599 3189 633 3246 et
656 3188 775 3248 contra
798 3172 935 3272 aliquos
961 3174 1021 3273 qui

56 3303 187 3386 negant
199 3285 351 3360 dicentes
365 3309 432 3359 non
443 3311 522 3359 esse
538 3285 729 3381 gravandus
748 3285 807 3386 qui
821 3285 927 3358 exteri
942 3300 1022 3359 sunt

55 3413 198 3498 propter
214 3421 366 3484 causam,
386 3422 476 3497 quae
494 3394 585 3470 solos
603 3395 711 3492 tangit
726 3396 833 3483 cives,
850 3394 1022 3470 affirmant

56 3507 274 3582 communius
286 3531 364 3582 cum
380 3504 614 3605 S.blphouso,
636 3521 708 3580 tum
720 3506 804 3606 quic
821 3505 1022 3606 plerumque

55 3645 127 3696 non
150 3635 294 3722 apparet
323 3618 411 3696 alius
442 3617 565 3694 modus
598 3619 804 3696 concernens
825 3613 1020 3714 *colligendi
