2640 4430
444 300 603 358 ...(31.-

38 429 121 474 oras
146 403 335 501 scripturae
366 429 405 475 ax
441 403 501 476 illo
528 405 644 476 lllatth.
673 405 795 499 (XXll.
823 407 914 500 Al),
945 406 1003 479 ubi
1086 369 1088 374 Ι

38 512 199 586 Christus
218 514 381 586 Dominus
409 515 635 612 interrogatus
662 544 705 590 an
732 517 846 590 liceret
864 542 1003 591 censum

38 624 125 697 dare
158 624 316 712 Caesari,
344 642 481 699 ostenso
516 628 584 725 ipsi
621 629 824 701 numismate
854 655 1000 715 census,
1095 685 1098 692 .

37 736 231 834 respondit:
250 766 267 801 «
288 735 429 809 Reddite
446 762 526 832 ergo
544 763 631 835 queo
649 755 730 810 sunt
746 739 902 812 Caesaris
920 741 1003 812 Cae-

39 847 125 932 sari,
146 862 179 919 et
204 873 292 945 quae
318 864 398 920 sunt
422 849 481 920 Dei
502 849 585 934 Dco;
611 875 736 945 aergo,
759 852 853 923 aiunt
871 853 1002 951 patroni

37 958 146 1031 huius
177 959 384 1044 sentcntiae,
419 959 536 1032 eodem
572 961 672 1034 modo
705 988 843 1062 censum
871 962 1003 1036 solvere

38 1070 205 1144 debemus
231 1069 463 1169 principibuS,
497 1098 566 1170 quo
591 1073 662 1144 Deo
690 1092 860 1170 praestare
892 1072 1002 1146 debe-

39 1209 131 1267 muS,
153 1207 242 1278 quae
269 1181 335 1280 ipsi
362 1182 541 1254 tribuenda
569 1197 665 1269 sunt;
695 1201 728 1255 at
754 1211 793 1256 ee
819 1209 907 1282 quae
931 1185 1002 1256 Deo

39 1311 120 1364 sunt
145 1292 350 1388 praestanda
376 1291 526 1388 obligant
552 1292 616 1364 sub
642 1293 760 1392 culpa3
783 1312 911 1390 ergoet
938 1294 1002 1366 sub

38 1403 141 1501 culpa
168 1421 321 1474 tenemur
342 1427 482 1476 censum
503 1403 632 1476 solvere
653 1405 863 1502 principibus
883 1431 1002 1477 saeou=

37 1511 171 1584 laribus
199 1511 291 1584 illum
320 1512 451 1610 legibus
478 1514 550 1585 suis
578 1514 841 1612 postulantibus.

106 1624 179 1696 Hoc
194 1624 304 1722 ipsum
318 1622 527 1720 probaturex
537 1625 653 1696 eodem
666 1625 1000 1722 (Mannxvtlaop

38 1733 98 1804 ubi
112 1733 271 1806 Christus
284 1733 448 1806 Dominus
465 1734 571 1806 voluit
589 1733 674 1806 solvi
693 1734 924 1807 didrachmam
942 1762 1002 1835 pro

38 1871 75 1918 se
102 1861 136 1916 at
162 1845 272 1916 Petro.
301 1843 398 1929 Quod
425 1870 482 1916 ore
510 1845 639 1917 locutus
671 1864 724 1918 cst
749 1845 925 1931 Christus,
955 1849 1003 1918 ait

36 1956 72 2026 S.
95 1956 257 2027 Bernard.
281 1954 370 2053 apud
390 1955 526 2052 Alapid.
550 1958 583 2025 in
604 1956 722 2027 lllatth.
736 1956 885 2050 (lull),
899 1983 1001 2054 opere

37 2064 183 2162 implere
208 2065 348 2138 curavit.
370 2065 530 2138 Conditor
548 2065 703 2138 Caesaris
731 2093 796 2138 non
824 2084 1002 2141 cunctatus

36 2192 92 2250 est
120 2174 252 2248 Caesari
283 2175 423 2248 reddere
450 2201 603 2248 censum.

114 2286 253 2357 Accedit
264 2287 494 2359 auotoritasll.
508 2286 603 2358 Pauli
617 2287 767 2385 Apostoli
787 2289 895 2384 (Rom.
907 2289 998 2360 Xlll.

37 2402 71 2468 5.
92 2399 191 2491 Η.)
214 2398 348 2470 abiait:
374 2429 390 2466 n
411 2398 491 2470 ldeo
517 2401 719 2471 necessitate
747 2399 872 2472 subditi
893 2419 1000 2474 estote

36 2535 105 2581 non
134 2507 243 2581 solum
272 2525 408 2609 propter
433 2508 517 2580 iram
544 2509 604 2580 sed
631 2511 730 2581 etiam
759 2529 895 2609 propter
918 2535 999 2585 con·-

35 2619 228 2692 scientiam:
250 2620 326 2692 ideo
352 2621 441 2692 enim
468 2637 500 2692 et
527 2621 651 2692 tributa
679 2623 870 2718 praestatis,
898 2624 1000 2692 mini-

35 2732 98 2803 stri
127 2730 216 2801 enim
244 2731 304 2803 llei
333 2748 412 2803 sunt
437 2732 471 2801 in
492 2731 555 2805 hoc
574 2733 686 2830 ipsum
705 2732 903 2817 servientes,
926 2732 1000 2803 red-

34 2843 107 2914 dite
134 2867 213 2936 ergo
239 2841 397 2914 omnibus
424 2840 552 2927 debita,
568 2843 622 2914 oui
641 2841 802 2912 tributum
819 2841 993 2927 tributum,

34 2954 90 3026 cui
119 2951 261 3048 vectigal
292 2951 448 3048 vectigal.
472 2953 596 3024 »Hinc
622 2955 659 3024 B.
681 2951 865 3050 Apostolus
885 2969 999 3049 aperte

33 3063 122 3136 dicit
148 3062 273 3136 tributa
298 3089 375 3135 esse
401 3062 562 3135 solvenda
592 3080 726 3162 propter
743 3063 995 3148 conscientiam,

33 3189 69 3246 et
94 3189 132 3244 ut
157 3172 284 3260 debita,
308 3204 325 3242 n
347 3173 476 3246 reddite
502 3201 581 3271 ergo
607 3174 764 3246 omnibus
783 3174 907 3260 debite,
923 3174 999 3248 idco

33 3285 127 3354 enim
153 3300 186 3356 et
211 3283 337 3356 tributa
364 3285 563 3382 praestatis,
592 3317 608 3352 »
641 3284 675 3355 id
702 3299 752 3356 est
780 3302 914 3384 propter
941 3309 999 3356 ne·

33 3395 228 3467 cessitatem
257 3396 290 3465 in
317 3395 538 3467 conscientia.

111 3508 162 3578 2⁰.
193 3509 339 3578 Probent
365 3507 563 3580 auctoritate
589 3510 622 3579 S.
645 3508 838 3604 Augustini,
860 3506 918 3607 qui
937 3507 996 3578 ait:

36 3650 54 3688 n
76 3619 107 3692 si
135 3619 214 3716 quis
234 3635 338 3716 putet,
356 3619 514 3718 quoniam
535 3619 743 3716 clrpnistianus
763 3635 827 3708 est,
845 3644 911 3690 non
931 3614 996 3688 sibi
