2640 4430
704 340 740 352 ..
763 309 803 367 36
824 324 861 352 ,ὰ
974 291 979 306 ’

305 413 419 489 tributi
445 439 485 485 ex
512 411 578 484 alia
611 427 705 508 parte
742 427 854 509 potest
884 410 1017 481 amitti:
1044 435 1124 508 ergo
1158 423 1281 509 poena*

304 523 464 623 imposita
489 538 540 594 est
565 520 608 592 ad
634 520 923 620 compensandum
949 520 1002 593 vel
1026 522 1138 618 potius
1156 523 1261 595 vitan-

304 635 386 707 dum
411 649 647 706 nocumentum
675 631 859 731 publicum,
882 657 949 730 quo
975 648 1131 705 cessante
1154 655 1262 709 cessat

304 745 405 818 etiam
431 742 590 840 obligatio
616 743 650 812 in
685 743 894 816 conscientia
921 741 1071 815 solvendi
1100 743 1261 817 tributum

304 854 421 928 velex
449 854 524 952 ipsa
552 853 598 925 rei
626 870 757 938 natura,
779 879 883 950 quum
911 851 1004 923 nulla
1031 855 1074 925 sit
1093 854 1261 954 inaequa-

304 967 401 1052 litas,
421 965 472 1038 ‘vel
499 990 538 1035 ex
566 965 640 1062 ipsa
667 963 850 1035 intentione
876 963 1081 1060 legislatoris
1109 967 1261 1040 rationa-

304 1077 417 1149 biliter
443 1091 673 1172 praesumpta.

379 1187 473 1272 Quae
504 1186 753 1285 praesumptio,
783 1184 901 1256 dicunt
934 1185 1021 1268 Du,
1053 1203 1199 1281 augetur
1230 1216 1261 1260 er

303 1324 343 1371 co
369 1296 458 1396 quod
485 1296 613 1395 passim
639 1295 819 1366 videantur
846 1295 1017 1392 principes
1045 1295 1174 1368 tributa
1194 1299 1259 1368 im-

305 1435 427 1508 ponere
455 1409 487 1480 in
515 1435 554 1480 ea
580 1406 779 1505 quantitate,
807 1433 875 1504 qua
901 1405 1099 1478 excederent
1126 1433 1260 1481 causan

303 1518 528 1602 necessitatis,
550 1517 594 1589 ob
620 1543 721 1615 quam
741 1517 974 1614 imponuntur,
997 1518 1025 1588 si
1046 1518 1178 1612 integre
1196 1521 1259 1593 sol-

301 1648 470 1714 verentur3
501 1628 589 1699 unde
615 1627 833 1713 concludunt,
855 1654 897 1700 ne
915 1627 1072 1699 dieantur
1092 1630 1259 1729 principes

302 1769 442 1843 peccare
460 1739 583 1812 tributa
609 1738 685 1838 plus
708 1765 818 1837 aequo
838 1741 1059 1840 imponentes
1082 1743 1260 1816 tenendum

302 1851 380 1924 illos
407 1867 534 1923 tantum
562 1849 646 1922 velle
672 1850 823 1946 obligare
847 1851 888 1921 ad
910 1851 1043 1922 illorum
1062 1851 1260 1926 solutionem

303 1964 475 2063 praedicto
500 1961 599 2034 modo
631 1977 664 2034 et
695 1987 760 2033 non
779 1959 887 2046 aliter,
909 1961 1007 2036 etsie
1027 1963 1264 2060 interpretatae

303 2075 368 2148 hae
394 2075 485 2171 leges
513 2073 598 2144 fiunt
626 2073 733 2169 magis
761 2073 951 2162 moderatae
984 2089 1016 2144 et
1049 2073 1257 2160 tolerabiles,

304 2213 365 2260 nec
393 2189 493 2258 etiam
524 2185 691 2269 iniustae,
725 2184 807 2283 quia
835 2200 971 2282 propter
1002 2185 1192 2282 perieulum
1223 2214 1261 2258 ne

303 2315 408 2370 totum
438 2295 590 2390 exigatur
620 2295 654 2364 id
681 2295 780 2399 quod
804 2295 941 2390 petitur,
966 2310 1074 2391 potest
1094 2297 1161 2392 peti
1182 2298 1260 2396 quid

303 2408 477 2504 magisllt
494 2405 650 2505 quamvis
669 2405 793 2477 nostris
812 2405 1020 2502 temporibus
1035 2406 1068 2476 in
1084 2409 1177 2478 omni
1198 2408 1263 2480 lere

303 2517 475 2615 republica
502 2518 557 2590 vix
586 2515 748 2614 possibile
774 2516 927 2589 videatur
954 2533 992 2588 ut
1018 2518 1154 2615 possint
1173 2536 1260 2591 tanta

303 2629 427 2702 tributa
455 2629 596 2726 imponi,
618 2644 656 2700 ut
681 2626 844 2700 excedant
872 2626 1042 2725 publicam
1069 2630 1261 2702 necessita-

301 2757 367 2814 tem
404 2739 640 2814 solvendorum
675 2737 863 2811 debitorum
898 2755 1167 2826 contractorum,
1197 2767 1261 2812 non

300 2852 380 2924 inde
407 2867 516 2924 tamen
542 2865 653 2922 cessat
681 2849 911 2948 praesumptio
937 2849 1155 2948 supradicta,
1187 2877 1262 2922 nam

300 2964 425 3036 tributa
453 2988 541 3062 quae
566 2962 796 3061 imponuntur,
827 2962 855 3033 si
883 2960 1011 3056 integre
1037 2960 1257 3044 solverentur,

301 3073 492 3146 notabiliter
516 3073 616 3146 etiam
643 3098 733 3145 nune
757 3071 955 3145 excederent
972 3098 1140 3145 summam
1158 3097 1261 3171 quam

302 3183 353 3254 lex
380 3184 526 3256 intendit
551 3183 736 3283 percipere,
758 3182 802 3256 ob
831 3183 1001 3280 publicam
1022 3185 1262 3258 necessitatem

301 3293 570 3382 determinatam,
592 3321 653 3394 pro
678 3321 747 3394 qua
770 3295 999 3394 imponuntur.

374 3405 536 3478 Similiter
570 3407 695 3480 tributa
720 3405 916 3508 fraudantes
943 3424 1116 3504 exponunt
1142 3433 1182 3482 se
1209 3433 1263 3507 pe-

297 3515 406 3590 riculo
432 3516 585 3591 solvendi
611 3516 784 3606 mulctam,
804 3519 835 3591 si
863 3519 898 3590 in
924 3519 1044 3592 fraude
1073 3520 1263 3620 deprehen·

291 3627 444 3724 dantur,
471 3645 504 3704 et
522 3627 711 3732 *publicum
741 3629 909 3708 aerarium
944 3631 996 3708 sic
1031 3631 1205 3710 inuenitur
1229 3633 1263 3705 in
