2640 4430
436 353 474 366 ..
495 323 535 382 79
556 355 593 366 -

21 424 230 497 fraudantes
257 453 276 498 a
302 427 499 500 custodibus
534 428 705 524 exigerent
739 447 775 501 ut
811 431 999 504 restituant

24 565 84 636 pro
116 537 226 636 ipsis,
257 537 338 611 dum
373 539 439 639 ipsi
474 540 567 614 fuere
589 540 657 639 ·qui
685 539 762 613 iilos
789 542 993 616 induxerunt

23 650 65 720 ad
95 648 304 721 iniustitiam
332 650 367 720 in
394 651 543 748 ipsorum
575 650 717 747 gratiam
743 668 776 722 et
801 652 990 740 utilitatem,

24 779 55 832 et
81 762 136 833 ita
164 778 255 834 tenet
280 762 423 836 Gousset
452 769 499 860 (n.
523 765 664 857 totu).

102 873 260 957 Quaeres
291 899 380 947 nuno
415 901 456 946 an
487 891 665 947 teneantur
698 874 825 946 subditi
862 876 993 950 solvere

24 986 160 1058 tributa
188 993 222 1058 in
250 987 354 1060 dubio
388 988 431 1060 de
462 987 595 1084 illorum
631 987 817 1068 iniustitia,
848 990 876 1060 si
905 990 994 1063 saeta

23 1097 145 1168 debita
160 1097 336 1194 diiigentia
349 1098 392 1170 ad
410 1098 638 1196 repellendum
654 1097 992 1173 dubiumhooadhuo

26 1228 238 1307 perseverat.

105 1359 124 1394 α
147 1327 209 1400 Est
234 1344 344 1400 autem
367 1329 452 1400 ratio
470 1326 648 1401 dubitandi
666 1326 708 1398 de
727 1326 857 1399 iustitia
875 1328 992 1401 tributi

24 1465 64 1510 ex
92 1437 261 1534 gravibus
280 1437 489 1522 auctoribus,
511 1438 558 1510 ait
575 1436 730 1526 Biiluart,
752 1439 888 1537 quando
907 1465 994 1512 nova

25 1549 156 1621 tributa
183 1549 403 1647 imponuntur
433 1564 492 1621 aut
510 1548 664 1646 *antiqua
699 1566 881 1644 augentur,
912 1549 993 1622 item

23 1659 170 1758 quando
195 1676 248 1731 est
268 1659 462 1731 eommunis
490 1660 665 1758 persuasio
692 1661 725 1732 in
746 1661 871 1759 populo
890 1662 994 1734 maxi·

26 1799 81 1846 me
110 1775 146 1843 in
175 1773 292 1870 probis
318 1787 351 1845 et
376 1773 484 1845 doctis
511 1799 552 1845 ea
577 1798 665 1872 quae
683 1791 857 1871 praetextu
877 1800 994 1849 neees-

26 1887 142 1958 sitatis
170 1885 389 1981 imponuntur
414 1900 472 1956 aut
497 1900 664 1980 augentur
690 1885 722 1953 in
752 1911 819 1957 non
838 1913 994 1959 necessa·

29 1997 99 2068 rios
126 2021 212 2068 usus
238 1995 381 2093 expendi
408 1995 525 2066 autin
552 1993 670 2065 maiori
697 1995 885 2091 quantitate
904 1998 992 2093 exigi

26 2133 133 2205 quam
170 2107 357 2179 necessitas
384 2105 557 2204 requirat,
588 2120 635 2178 tot
665 2106 775 2192 enim,
806 2107 988 2205 inquiunt,

28 2217 242 2290 conditiones
277 2217 494 2316 requiruntur
520 2217 561 2289 ad
588 2215 753 2288 iustitiam
779 2215 894 2288 tributi
920 2217 1000 2288 im-·

29 2328 179 2426 ponendi
207 2329 260 2400 vel
286 2328 432 2424 augendi
458 2340 495 2398 ut
521 2327 555 2397 in
575 2341 668 2398 tanta
685 2325 886 2398 tributorum
906 2328 992 2398 mul·

31 2439 177 2512 titudine
202 2465 270 2538 qua
296 2439 352 2511 his
370 2437 577 2538 temporibus
595 2452 777 2534 gravantur
794 2438 907 2536 populi
926 2454 993 2511 me·

30 2551 94 2622 rito
130 2567 368 2649 praesumatur
398 2549 564 2649 quaedam
599 2573 676 2622 esse
709 2547 858 2636 iniusta,
894 2548 992 2645 plura

30 2660 160 2733 incerta
186 2675 219 2732 et
244 2659 362 2732 dubia.
389 2691 405 2727 n

103 2771 170 2844 Sed
198 2770 266 2845 duo
294 2771 348 2844 hio
374 2768 620 2872 praemittenda
638 2784 730 2840 sunt:
752 2770 800 2837 1⁰.
823 2769 989 2839 Praesen—

30 2897 98 2953 tem
126 2881 358 2978 quaestionem
385 2898 514 2954 tantum
542 2877 722 2978 procedere
749 2878 860 2974 posita
881 2877 992 2976 prima

31 2987 212 3078 sententia,
233 3018 321 3091 quae
339 2991 422 3065 dioit
448 2992 539 3089 leges
565 2988 938 3085 tributorumobligare
956 2988 992 3058 in
1042 2976 1045 2992 '

31 3100 241 3175 conscientia
267 3118 344 3175 ante
369 3127 501 3176 omnem
528 3100 651 3173 iudicis
677 3100 891 3187 sententiam,
912 3125 991 3172 nam

32 3213 67 3284 in
94 3212 246 3286 secunda
272 3213 439 3286 sententia
463 3239 551 3312 quae
577 3213 694 3285 statuit
720 3212 811 3310 leges
842 3212 992 3284 tributo-

32 3347 108 3396 rum
134 3322 346 3423 imponentes
379 3323 505 3397 tributa
538 3323 641 3396 etiam
675 3340 765 3396 oerto
795 3323 886 3396 iuste
915 3347 993 3395 esse

32 3457 118 3532 pure
144 3434 315 3531 poenales,
338 3461 499 3536 praesens
517 3434 672 3535 quaestio
690 3435 790 3508 valdo
810 3432 920 3508 facilis
938 3459 994 3506 es-

32 3562 84 3618 set
102 3544 296 3634 solutionis3
309 3548 357 3618 2⁰.
368 3545 653 3620 Praemittendum
670 3546 903 3645 quaestionem
919 3559 995 3617 tan-

33 3673 104 3734 tum
129 3660 310 3760 procedere
335 3659 378 3735 de
402 3657 527 3736 tributo
552 3657 657 3737 dubio
682 3683 750 3762 qua
775 3675 870 3762 parte
886 3655 993 3732 dubia
