2640 4430
706 344 744 357 -
766 313 806 373 40
827 344 864 357 ..

305 418 361 520 plo
370 416 519 489 dicatum
533 432 566 490 et
579 442 638 516 per
648 418 796 514 Moysem
809 431 1021 518 praeceptum
1034 415 1140 510 (Exod
1149 415 1262 488 XXX.

308 531 383 624 12.)
404 529 475 613 edii,
497 546 535 601 ut
560 529 758 618 Dominious
784 531 929 616 Bannes,
951 527 1068 600 dieunt
1093 527 1267 600 Christum

306 639 487 712 Dominum
515 639 734 738 respondisse
760 640 1025 738 independenter
1049 637 1092 710 ab
1118 640 1268 710 interro-

308 751 455 846 gatione,
477 777 564 850 quae
589 752 620 823 ei
646 751 733 824 faeta
759 752 866 823 fueret
883 769 915 824 et
931 751 1022 824 velut
1038 749 1267 824 conditionate

310 860 473 934 dicendo!
490 861 519 932 si
537 861 620 959 quid
639 861 775 934 Caesari
795 859 927 934 debetis
948 860 1100 947 reddere,
1122 861 1265 934 reddite.

310 971 370 1043 Cui
398 972 661 1071 interpretationi
689 999 755 1046 non
783 999 898 1071 parum
917 971 1051 1046 videtur
1068 972 1193 1058 favere,
1211 971 1268 1042 ad-

309 1099 438 1156 vertere
463 1084 633 1156 Christum
661 1085 842 1158 Dominum
871 1111 935 1157 non
954 1084 1062 1157 fuisse
1084 1083 1267 1178 interroge-

311 1211 395 1282 tum,
416 1222 459 1267 an
485 1221 607 1268 census
634 1195 771 1269 deberet
789 1195 887 1281 solvi,
909 1195 1030 1268 sedan
1050 1202 1177 1291 posset.
1199 1195 1267 1264 Non

311 1306 401 1377 enim
432 1305 566 1380 Christo
596 1307 752 1378 dixerunt
781 1306 980 1392 Pharisaei;
1010 1333 1053 1378 an
1081 1304 1267 1401 obligemur

312 1416 391 1489 dare
405 1443 544 1490 censum
558 1417 715 1490 Caesari?
733 1417 810 1490 Sed:
833 1419 907 1489 lieet
931 1443 1061 1489 censum
1086 1416 1166 1488 dere
1193 1417 1268 1487 Coe·

311 1531 384 1600 sari
407 1557 450 1600 oe
475 1532 564 1600 non?
581 1531 622 1601 Et
639 1530 747 1602 eidem
768 1529 1031 1629 interpretationi
1050 1526 1265 1601 subscribunt

313 1638 428 1710 etalii
454 1641 544 1737 apud
571 1640 808 1713 Roherbaober
837 1640 910 1736 (tib.
930 1643 990 1713 23.
1019 1639 1168 1712 Histoire
1191 1639 1266 1710 Uni·

311 1749 454 1822 verselle
479 1749 521 1822 de
546 1750 685 1848 l'Eglise
711 1751 939 1851 Catholique).
969 1751 1034 1823 Alii
1069 1750 1208 1834 dicunt,
1237 1764 1268 1819 ut

313 1861 462 1948 Aeetius,
483 1863 530 1934 ibi
559 1863 666 1936 fuisse
691 1890 878 1936 sermonem
903 1863 944 1936 de
970 1889 1088 1948 censu,
1117 1861 1176 1959 qui
1204 1875 1269 1933 erat

314 1972 495 2047 solvendus
522 1976 556 2047 in
584 1976 843 2074 recognitionem
861 1975 941 2047 iusti
959 1973 1100 2047 dominii
1119 1972 1266 2044 eiusdem

314 2083 484 2172 Caesarie,
505 2103 538 2158 et
555 2087 588 2157 in
610 2087 852 2186 professionem
875 2085 1009 2158 debitae
1028 2083 1267 2182 dependentiae

316 2195 360 2266 ab
384 2197 513 2284 eodem,
536 2223 603 2296 quo
628 2199 662 2268 in
689 2224 770 2270 casu
792 2199 856 2270 hoo
875 2197 1036 2269 tributum
1056 2194 1188 2294 aliquid
1204 2193 1263 2266 sibi

315 2305 413 2378 valde
438 2307 619 2402 peculiaris
646 2306 772 2380 babere
798 2307 944 2378 videtur.

392 2417 454 2488 Sed
482 2418 563 2516 quin
592 2417 719 2517 aliquid
749 2418 929 2518 praedictis
956 2415 1176 2516 opinionibus
1196 2415 1268 2490 sub-

317 2527 516 2617 trahamuS‚
556 2530 707 2604 admisso
744 2530 915 2602 Christum
954 2531 1137 2602 Dominum
1176 2527 1267 2599 abso·

316 2636 388 2711 luto
415 2667 531 2726 sensu,
548 2659 580 2712 et
596 2641 639 2712 de
658 2641 814 2714 omnibus
834 2640 967 2712 tributis
987 2639 1093 2712 fuisse
1112 2638 1266 2720 locutum,

317 2775 384 2822 non
420 2751 498 2823 inde
529 2767 639 2824 tamen
671 2752 805 2824 ridetur
832 2750 1092 2824 controversiam
1127 2766 1269 2822 nostram

318 2861 426 2934 fuisse
452 2863 665 2961 diremptam.
687 2865 769 2934 Nam
791 2863 889 2935 sicuti
921 2860 1056 2933 Caesari
1084 2858 1270 2932 nullomodo

319 2971 482 3045 solvenda
509 2989 588 3046 sunt
613 2973 758 3058 tributa,
789 2999 877 3072 quae
908 2973 981 3070 ipse
1013 2997 1079 3043 non
1111 2969 1268 3070 imponit,

320 3081 372 3154 sio
397 3100 430 3154 et
455 3110 540 3181 quae
568 3083 709 3182 imponit
734 3109 798 3155 non
819 3098 898 3156 sunt
916 3081 1077 3154 solvenda
1093 3078 1161 3152 elio
1180 3078 1271 3152 modo

320 3216 360 3264 ao
386 3193 461 3290 ipse
486 3192 575 3264 idem
602 3194 728 3290 exigit,
762 3208 910 3292 atquae
939 3207 991 3264 est
1019 3191 1093 3264 eius
1122 3190 1271 3263 voluntas

320 3302 432 3400 quoad
459 3302 659 3376 solutionem
686 3302 884 3375 tributorum
897 3302 947 3374 'de
964 3301 1088 3400 quibus
1107 3314 1159 3372 est
1176 3326 1272 3400 quee-

319 3409 417 3486 stio?
441 3411 601 3486 Auctores
628 3413 797 3486 secundae
830 3413 1016 3485 sententiae
1046 3410 1269 3493 contendunt,

321 3521 434 3619 ipsum
462 3548 527 3594 non
554 3523 743 3596 intendisse
769 3521 920 3618 obligare
946 3521 1013 3594 alio
1041 3520 1141 3594 modo
1159 3519 1273 3618 aoipsi

321 3631 450 3705 dieunt.
484 3632 600 3706 Dicere
634 3634 814 3707 Dominum
850 3648 1096 3731 nostrum-per
1126 3631 1186 3704 illa
1219 3656 1275 3704 sua
