2640 4430
103 349 107 356 .
442 326 479 339 -
501 295 539 354 41
562 325 600 339 -

25 397 142 471 verba
173 397 322 472 voluisse
348 415 495 472 statuere
520 399 650 473 nullam
679 414 783 498 'posse
800 400 874 474 dari
894 400 1002 498 legem
1023 467 1026 474 .

27 536 121 608 pure
140 509 330 609 poenalem,
342 527 400 584 aut
417 511 517 584 talem
535 511 653 585 saltem
672 512 706 584 in
725 528 896 611 posterum
915 540 1001 585 nun·

28 646 143 719 quam
163 620 308 694 laturam
327 621 434 720 legem
452 622 558 696 luisse
581 623 796 712 tributorum,
817 642 880 708 est,
903 640 1004 722 prout
1032 705 1035 714 ,

28 733 161 805 saltem
188 733 272 806 mihi
299 735 443 825 videtur,
465 736 569 826 nimis
594 735 740 808 alienum
767 763 788 808 a
814 754 924 809 mente
942 737 1003 810 Ec·

29 844 179 916 clesiae.

113 957 157 1029 Et
183 958 226 1029 ad
252 959 442 1058 exemplum
468 960 603 1032 Domini
631 962 735 1033 nostri
754 958 916 1034 solventis
935 977 1004 1033 sta-

32 1085 145 1140 terem
173 1083 265 1166 patet
282 1071 470 1168 responsio;
488 1097 556 1144 nou
579 1070 669 1142 enim
687 1071 800 1142 omnia
818 1096 907 1170 quae
924 1069 1003 1143 lecit
1089 1061 1090 1065 ¹

32 1177 199 1251 Christus
226 1180 339 1280 posuit
367 1183 400 1251 in
426 1197 612 1281 praecepto,
634 1181 789 1280 alioquin
815 1198 848 1253 et
868 1207 930 1254 nos
948 1180 1005 1254 de·

33 1288 200 1362 beremus
226 1290 356 1386 solvere
387 1291 547 1364 tributum
588 1318 646 1389 per
684 1291 918 1364 didrachmam
946 1293 1006 1362 mi·

33 1399 197 1473 raculose
222 1403 402 1474 inventam.
424 1403 473 1473 Ex
500 1401 586 1475 lacto
616 1401 741 1474 Christi
774 1429 816 1474 ne
841 1401 1003 1474 subtilius

34 1511 72 1580 in
107 1507 192 1582 illud
218 1511 430 1609 inquiramus
456 1529 571 1610 posset
596 1513 690 1609 argui
718 1512 901 1610 perfectius
928 1538 1004 1584 esse

34 1620 173 1695 solvere
195 1623 320 1695 tributa
346 1651 387 1697 eo
413 1624 607 1724 modoque
637 1623 708 1698 vult
735 1624 842 1724 prima
870 1639 1006 1696 senten-

36 1733 102 1804 tia.
120 1733 157 1802 ld
178 1759 239 1806 nos
257 1733 391 1808 abunde
410 1735 633 1821 admittimus,
648 1735 708 1807 sed
727 1759 887 1831 praesens
905 1759 1006 1832 quae·

37 1844 110 1917 stio
137 1869 204 1916 non
233 1862 286 1916 est
309 1846 352 1918 de
378 1871 418 1918 eo
444 1846 535 1944 quod
562 1847 607 1918 sit
637 1845 841 1944 perlectiuS,
871 1846 932 1918 sed
963 1843 1006 1916 de

36 1979 82 2026 eo
105 1954 197 2052 quod
224 1955 329 2027 sitin
359 1973 549 2055 praecepto.

120 2066 202 2137 ltem
220 2066 353 2139 videtur
371 2092 473 2164 posse
490 2065 685 2165 respondem
699 2064 742 2137 ad
755 2064 858 2138 verba
870 2063 1007 2162 anpo-

39 2174 125 2249 stoli
157 2177 264 2249 Pauli.
286 2179 371 2250 Nam
400 2194 433 2250 et
458 2177 608 2249 secunda
626 2177 793 2248 sententia
811 2174 958 2248 admittit
974 2190 1007 2247 et

40 2285 218 2359 contendit
242 2288 316 2359 dari
349 2289 383 2360 in
409 2287 616 2362 conscientia
642 2287 791 2387 aliquam
821 2285 1006 2383 obligatio-

42 2422 122 2468 nem
142 2397 232 2469 circa
250 2399 496 2498 cuiuscumque
510 2398 642 2494 generis
660 2397 798 2483 tributa,
812 2423 900 2496 quae
917 2397 1008 2469 iusta

44 2508 132 2593 sint,
161 2524 195 2580 et
219 2534 285 2581 non
316 2508 425 2582 solum
454 2526 589 2607 propter
616 2510 699 2580 iram
727 2508 786 2580 sed
813 2524 846 2580 et
871 2523 1007 2605 propter

44 2619 288 2706 conscientiam
311 2619 473 2693 solvenda
499 2647 588 2705 esse,
607 2636 705 2718 prout
721 2617 792 2692 vult
808 2615 1003 2715 Apostolus,

42 2732 161 2804 omnia
190 2749 223 2804 et
247 2731 382 2830 singula
408 2730 544 2816 tributa;
574 2746 608 2804 at
639 2755 705 2802 non
735 2728 868 2801 videtur
884 2727 919 2798 in
937 2726 1007 2799 ullo

43 2843 278 2918 contradicere
302 2845 339 2914 B.
361 2842 535 2942 Apostolo,
557 2843 586 2914 si
613 2841 729 2926 addat,
762 2839 922 2912 solvenda
949 2838 1008 2909 tri-

43 2955 129 3028 buta
155 2955 292 3053 quando
322 2972 354 3028 et
378 2954 547 3054 quomodo
573 2953 624 3026 lex
651 2979 740 3051 quae
765 2950 889 3024 tributa
918 2949 1008 3021 assi-

44 3083 128 3164 gnet
152 3066 327 3166 praecipit.
361 3065 402 3138 dt
428 3066 547 3138 iterum
578 3063 670 3162 quod
701 3079 753 3135 cst
782 3061 867 3158 legis
904 3085 1008 3159 prae-

45 3177 242 3277 scriptum?
263 3179 358 3264 Quae
384 3177 540 3252 voluntas
565 3174 768 3272 legislatoris
795 3173 886 3245 circa
911 3187 1009 3244 natu-

46 3315 120 3360 ram
146 3287 388 3384 obligationis?
412 3288 478 3360 Lex
495 3285 657 3358 tributum
675 3286 852 3384 imponens
871 3283 905 3354 in
924 3307 1008 3354 casu

45 3399 261 3498 quaestionis
286 3415 338 3472 est
360 3423 443 3497 pure
469 3396 621 3496 poenalis
650 3394 702 3469 vel
729 3392 869 3493 qualis?
899 3393 1010 3465 Hasce

46 3511 267 3610 quaestiones
292 3511 331 3582 B.
351 3509 535 3609 Apostolus
562 3507 694 3580 Paulus
712 3505 785 3580 loco
811 3505 912 3578 citato
942 3529 1008 3576 non

46 3621 184 3695 ridetur
200 3619 425 3720 persolvisse,
446 3645 508 3694 nec
533 3618 687 3692 Ecclesia
709 3641 820 3716 usque
837 3639 927 3686 nuno
952 3611 1010 3686 de·
