2640 4430
486 321 523 334 -
546 290 587 350 29
609 321 646 334 ...

30 391 225 466 claratio
243 411 279 464 nt
296 417 399 493 super
417 392 471 464 his
492 393 616 466 tributa
635 395 862 492 imponantur,
878 397 969 468 cives
987 425 1049 470 au-

38 519 141 575 tem
168 531 236 578 non
255 506 548 578 adeoaccuratam
566 531 641 577 eam
659 505 741 577 dare
759 505 902 592 soleant,
921 508 1048 582 sciente

38 617 187 687 etiam
216 617 434 712 magistratu,
468 616 526 714 qui
557 632 666 688 tamen
698 617 939 689 accuratiorem
970 621 1049 691 stri-

41 726 172 799 ctius
202 753 268 799 non
295 743 424 823 urgeat,
438 728 571 824 quoties
590 728 634 830 de
652 727 790 799 notabili
812 729 1048 802 imminutione

47 865 150 910 non
178 837 345 909 habeatur
371 838 535 936 suspicio,
571 853 744 935 peccatum
773 865 838 910 non
865 841 928 910 erit
954 840 1046 913 illam

48 949 346 1028 declarationem
374 949 486 1020 minus
505 966 695 1020 accuratam
717 949 888 1034 exhibere,
910 953 939 1020 si
960 952 1047 1026 intra

6 1089 11 1094 ·
52 1059 209 1132 limites
233 1060 454 1131 communiter
480 1077 631 1159 receptos
658 1060 716 1131 illa
741 1061 904 1134 detractio
939 1066 1047 1135 conti-

54 1189 218 1243 neatur.
254 1170 415 1242 Similiter
440 1171 557 1244 dicunt
583 1171 736 1244 sufficere
763 1173 792 1242 si
826 1174 968 1270 pretium
995 1175 1047 1244 in-

56 1281 202 1352 fimum
229 1280 391 1352 bonorum
410 1281 615 1366 declaretur,
640 1307 701 1353 nec
718 1281 865 1354 valorem
883 1283 1046 1356 bonorum

57 1391 329 1488 immobiliom3
357 1391 391 1461 in
418 1418 486 1490 quo
512 1409 544 1464 et
569 1393 737 1474 consentit
760 1393 914 1476 Bourier,
943 1421 1047 1494 supra

62 1501 239 1574 redditus
275 1527 425 1586 annuos,
461 1519 520 1578 aut
547 1501 692 1599 pretium
728 1500 904 1576 locationis
935 1506 1046 1577 aesti-

63 1613 260 1695 mandum,
283 1609 349 1683 nisi
368 1629 492 1692 tamen,
514 1612 603 1683 addo
621 1639 694 1708 ego,
714 1613 821 1709 magis
841 1615 1046 1712 praeferatur

65 1723 232 1797 valorem
261 1721 382 1794 realem
408 1721 540 1794 illorum
565 1723 749 1795 declarare.

160 1833 388 1906 Commuuiter
420 1859 498 1906 vero
530 1850 563 1905 et
596 1833 733 1918 dicunt,
766 1836 871 1936 quod*
890 1837 1046 1934 quamvis

58 1947 178 2042 -lcges
204 1943 403 2018 tributorum
431 1943 580 2040 obligent
598 1945 631 2014 in
649 1946 856 2018 conscientia
876 1946 974 2018 modo
992 1974 1047 2018 su·

79 2057 259 2155 predicto,
291 2082 358 2128 non
385 2071 496 2126 tamen
523 2056 613 2128 omni
641 2056 765 2128 duritie
798 2057 1046 2154 procedendum

78 2194 165 2241 oum
191 2165 438 2265 poenitentibus
465 2191 599 2265 sempor
623 2191 712 2252 esse,
742 2183 776 2238 ct
800 2193 890 2239 unus
917 2193 1055 2253 unam„

78 2279 171 2354 alter
192 2278 333 2352 alteram
357 2277 688 2352 animadversionem
715 2277 853 2352 adducit
878 2277 921 2350 ad
947 2278 1047 2350 miti·-

63 2390 233 2490 -gandum
261 2390 417 2484 rigorem,
438 2407 471 2462 at
495 2389 594 2462 valde
613 2389 729 2487 plures
747 2416 822 2463 cum
842 2392 876 2462 S.
898 2389 1048 2488 Alpbou·
1130 2463 1133 2471 Α

83 2528 124 2574 so
140 2501 254 2598 (tlt.)
266 2499 412 2572 laudant
424 2501 516 2596 lugo
537 2503 585 2595 (n.
603 2501 680 2595 lt.)
702 2500 762 2572 ubi
779 2500 910 2574 scribit:
929 2531 946 2569 a
962 2500 1045 2572 Mihi

83 2637 220 2709 semper
245 2610 372 2708 placuit
397 2610 576 2683 consilium
605 2613 641 2682 P.
671 2611 816 2684 Molinae
841 2612 901 2682 ubi
928 2612 1046 2710 impri-

81 2724 151 2795 mis
183 2721 283 2807 dicit,
316 2721 523 2798 monendum
549 2748 626 2795 esse
653 2721 815 2821 populum
847 2723 890 2794 ad
922 2721 1047 2794 tributa

82 2832 269 2918 solvenda,
297 2847 332 2904 et
354 2832 397 2904 ad
424 2831 510 2905 benc
535 2858 574 2905 ac
599 2835 688 2906 iuste
714 2833 756 2904 de
788 2831 857 2904 illis
883 2833 1074 2904 iudican-‘

80 2946 186 3030 dum,
215 2959 250 3016 et
268 2943 580 3042 praesumendum,
610 2959 746 3017 etanta
772 2943 895 3016 lactum
922 2969 1046 3015 consu-

83 3054 224 3129 lendum
249 3079 338 3140 cese,
361 3080 403 3126 ne
428 3052 683 3128 defraudentur:
706 3069 783 3154 post
808 3054 932 3127 lactum
950 3079 1042 3141 vero,

82 3183 117 3240 et
142 3181 221 3266 post
245 3164 481 3238 defraudatum
506 3165 683 3252 tributum,
704 3167 734 3239 si
762 3169 937 3264 poenitens
955 3181 1046 3238 certo

82 3275 138 3349 rel
164 3275 382 3376 probabiliter
406 3276 473 3348 sibi
501 3276 716 3376 persuadeat,
737 3279 770 3350 iu
798 3292 891 3350 tanta
909 3275 1047 3351 tributo·

74 3413 159 3460 -rum
172 3385 394 3465 multitudine
410 3387 643 3487 essauliquod
661 3388 840 3473 iniustum,
859 3387 954 3486 quod
972 3386 1046 3486 ipse

85 3496 202 3585 solvit,
223 3496 282 3571 ‚rol
311 3497 565 3582 multitudinem
598 3499 709 3599 ipsam
742 3523 819 3572 aesc
845 3498 986 3570 nimiam
1006 3510 1047 3570 ot

69 3608 315 3696 -axoeaeirun,
343 3607 397 3684 rel
420 3635 480 3698 sc,
504 3625 637 3686 :attenta
661 3608 825 3710 qualitate
843 3633 942 3682 *suae
967 3631 1046 3708 per-
