2640 4430
705 329 743 343 ..
765 297 804 356 46
825 329 862 344 .-

306 406 416 478 ductis
442 403 553 476 verbis
580 418 753 500 spectasse
779 402 820 474 ad
849 403 1078 500 quaestionem
1104 429 1195 501 quae
1215 403 1272 476 hic

307 517 519 614 disputatur,
549 514 691 586 sortasse
717 512 796 584 dum
824 511 881 584 illa
906 537 983 584 cum
1010 527 1078 586 toto
1110 530 1273 586 contextu

310 625 565 726 perpenderent,
588 650 654 696 nen
680 623 817 696 omnino
836 623 1054 720 perspicuum
1073 623 1183 697 luisse
1202 623 1273 697 ccl-

307 735 489 808 lationibus
516 733 660 828 Andeg,
689 759 776 832 quae
804 733 944 831 proinde
970 733 1036 806 sihi
1063 761 1272 832 assumpse-

309 863 386 920 runt
419 846 544 918 dictum
572 842 768 915 Tertulliani
805 860 929 916 textum
964 845 1210 943 interpretandi
1241 863 1272 917 et

309 957 484 1030 clariorem
511 954 686 1026 reddendi.
708 955 797 1026 llaec
814 971 866 1026 est
883 971 993 1026 autem
1021 955 1270 1052 interpretati0,

309 1083 342 1140 et
368 1067 450 1138 haec
476 1082 527 1138 est
552 1064 734 1136 declaratio
759 1091 861 1162 quam
888 1064 1045 1150 allerunt,
1074 1092 1177 1164 quam
1207 1091 1273 1161 ego

310 1179 366 1250 hic
392 1176 534 1250 subdam
563 1176 682 1248 iisdem
709 1175 821 1248 verbis
848 1202 887 1248 ac
914 1176 1051 1248 tradunt
1068 1174 1273 1275 praelauda-

310 1309 363 1362 tae
381 1288 514 1374 Ccllat.,
538 1316 579 1360 ne
604 1288 688 1360 lortc
714 1287 829 1358 videar
855 1288 985 1386 aliquid
1013 1287 1060 1358 illi
1089 1287 1272 1360 detrahere

309 1400 470 1474 voluisse.
492 1399 614 1471 Dicunt
639 1424 738 1494 ergo:
773 1399 860 1471 Vnus
886 1399 989 1470 ddvez
1014 1424 1098 1472 rous
1124 1425 1272 1496 aperce-

309 1513 395 1597 vcir,
417 1510 516 1582 dit-il
544 1537 609 1581 aux
635 1511 859 1608 EmpereurS,
890 1509 1062 1582 cambiens
1089 1509 1215 1609 depuis
1241 1509 1272 1581 la

309 1622 459 1718 Religion
493 1621 689 1694 chrdtienne
715 1649 774 1694 vos
803 1648 944 1695 revenus
970 1638 1047 1694 sont
1071 1627 1271 1718 augmentes

311 1759 372 1830 par
397 1748 491 1804 notre
518 1731 643 1804 fidetite
668 1741 689 1804 a
716 1758 817 1830 payer
844 1732 892 1804 les
920 1731 1054 1804 tributs.
1072 1734 1167 1807 Nous
1185 1733 1272 1806 crci-

311 1841 403 1915 rions
430 1841 514 1914 laire
539 1869 584 1914 un
611 1842 716 1930 larcin
743 1869 810 1940 que
835 1843 878 1915 dc
903 1841 1033 1915 n'avoir
1060 1869 1121 1941 pas
1148 1870 1210 1916 sur
1234 1869 1272 1915 ce

310 1953 408 2050 point
432 1979 498 2025 une
523 1953 649 2025 entiere
674 1953 876 2037 exactitude,
898 1969 931 2026 et
955 1980 994 2026 ce
1019 1979 1061 2026 ne
1086 1952 1191 2026 serait
1208 1978 1271 2050 pas

310 2062 404 2137 selon
432 2089 518 2136 nous
545 2089 722 2138 conserver
747 2079 841 2138 notre
866 2062 957 2150 bien;
987 2090 1025 2138 ce
1052 2064 1156 2138 serait
1179 2063 1272 2137 voler

311 2173 343 2248 le
369 2172 536 2272 public.»

386 2283 436 2354 lbi
463 2300 574 2356 autem
608 2285 775 2383 praelatas
807 2283 1004 2358 collationes
1040 2284 1211 2358 adducere
1238 2301 1272 2358 et

311 2393 522 2492 interpretari
550 2410 675 2466 textum
702 2393 920 2481 Tertulliani,
950 2397 1009 2494 qui
1044 2396 1184 2468 affertur
1211 2421 1270 2495 pro

310 2503 422 2602 prima
447 2506 624 2592 sententia,
646 2521 796 2604 atquem
816 2531 878 2580 nos
896 2507 1071 2580 retulimus
1090 2521 1183 2605 patet
1202 2525 1271 2582 tum

310 2641 351 2688 ex
379 2630 458 2688 uota
483 2643 585 2715 quam
611 2617 707 2716 ipsae
733 2635 922 2718 apponunt,
952 2637 1020 2692 tum
1047 2646 1086 2694 ex
1113 2645 1154 2694 eo
1180 2620 1271 2720 quod

312 2727 349 2800 in
375 2742 442 2800 tcto
468 2726 694 2826 Apologetico‚
718 2755 784 2802 non
811 2729 878 2802 alia
896 2731 996 2803 datur
1012 2733 1192 2819 sententia,
1217 2732 1271 2805 cui

311 2837 422 2936 magis
449 2838 521 2925 niti,
545 2841 673 2914 ratione
697 2840 843 2915 valeant.

386 2938 637 3048 sedquoniam
673 2951 910 3050 praelaudatae
939 2953 1135 3030 cellationes
1170 2957 1206 3026 in
1231 2982 1271 3030 ec

311 3075 419 3144 erant,
441 3076 478 3132 ut
490 3061 691 3134 sententiam
704 3062 829 3135 dictam
844 3063 1039 3137 Tertulliani
1059 3065 1272 3142 manilestam

311 3168 471 3255 lacerent,
493 3170 627 3244 videtur
643 3172 736 3272 quod
754 3189 788 3246 et
805 3173 914 3271 magis
932 3175 1125 3274 explicitam
1145 3194 1180 3252 et
1193 3204 1272 3254 con·

310 3277 502 3354 eludentem
529 3281 639 3357 lacere
671 3284 890 3373 debuissent,
925 3285 1060 3360 tandem
1086 3289 1179 3362 enim
1204 3315 1272 3364 nen

312 3391 423 3463 omnis
450 3393 631 3492 scrupulus
656 3395 789 3470 videtur
818 3397 924 3472 luisse
950 3397 1151 3498 ademptus,
1182 3401 1273 3474 sicut

311 3517 345 3606 et
362 3527 429 3580 non
443 3504 581 3580 omnino
597 3533 656 3606 pro
671 3509 968 3607 primasententia
980 3510 1115 3589 videtur
1131 3511 1274 3611 probare

306 3626 421 3690 textus
447 3615 641 3694 Tertulliani
666 3618 702 3694 in
729 3620 820 3696 illius
846 3621 1078 3722 probationem
1104 3623 1244 3704 relatus.
