2640 4430
703 321 861 378 ..14-

303 423 440 509 tributa,
463 448 567 522 quum
594 420 777 494 difficiliter
803 423 906 494 exteri
932 449 952 492 6
979 420 1111 495 civibus
1130 424 1269 521 possint

302 533 471 632 dignosci,
502 549 572 607 tum
599 534 681 632 quia
707 535 756 606 sio
783 535 817 603 in
846 532 981 630 populis
1009 533 1152 605 invicem
1183 559 1267 608 oon·

303 646 447 720 suetudo
474 662 637 731 servatur;
668 643 798 717 incolae
824 644 913 714 enim
941 643 1044 716 buius
1071 643 1155 727 looi,
1186 669 1267 716 oum

303 758 345 829 ad
373 757 458 830 alios
484 757 671 840 confluunt
689 755 789 827 etiam
809 754 934 826 tributa
951 755 1086 826 illorum
1114 755 1268 827 locorum

303 866 449 938 solvunt.
464 868 498 937 S
509 865 613 963 Alph.
622 864 694 958 (lib.
707 869 739 936 3
753 867 867 958 bib),
880 865 960 960 Lug
968 867 1048 958 -.(28
1057 864 1185 962 disput
1202 868 1266 936 36.

301 991 351 1045 ut.
369 975 411 1046 de
439 976 597 1068 iustitia).

376 1085 483 1158 Debet
499 1103 533 1158 et
550 1087 675 1158 servari
697 1085 864 1185 proportio
881 1085 924 1156 66
952 1111 1017 1168 res
1049 1112 1151 1183 super
1174 1113 1269 1184 quas

303 1198 489 1296 imponitur
515 1198 690 1270 tributum.
712 1200 794 1270 Nam
815 1199 843 1270 si
864 1198 1055 1294 imponatur
1071 1224 1175 1296 super
1194 1225 1268 1270 rem

302 1309 522 1392 rmmobilem,
546 1336 611 1381 non
638 1308 738 1380 debet
764 1308 924 1381 excedere
950 1306 1172 1405 quantitatem
1192 1334 1270 1380 mo-

302 1421 465 1504 deratam,
488 1419 710 1492 consideratis
736 1418 901 1490 fructibus
928 1417 1001 1488 eius
1028 1434 1060 1489 et
1087 1415 1269 1488 laboribus

302 1557 341 1603 ao
367 1531 539 1628 expensis,
560 1555 648 1628 quae
674 1529 762 1601 eirea
780 1555 849 1600 rem
869 1526 961 1600 ittam
981 1515 1078 1597 fiunt.
1101 1527 1134 1596 Si
1150 1543 1269 1599 autem

260 1643 263 1652 '
302 1643 494 1740 imponatur
519 1666 621 1739 super
647 1633 700 1712 res
727 1639 881 1725 mobiles,
900 1664 991 1736 quae,
1012 1638 1207 1710 renduntur
1232 1657 1271 1712 et

302 1769 460 1826 emuntur
483 1752 536 1825 vel
563 1767 633 1823 arte
660 1751 763 1836 fiunt,·
784 1749 954 1822 observari
982 1749 1150 1821 debetne
1177 1750 1270 1824 tales

302 1864 372 1936 sint
401 1863 600 1937 huiusmodi
628 1889 694 1950 ree,
714 1862 767 1934 vel
795 1878 924 1934 tantum
950 1861 995 1933 sit
1021 1861 1195 1948 tributum,
1227 1881 1269 1936 ut

302 1974 469 2047 redundet
494 1975 529 2045 in
549 1975 659 2048 maius
677 2000 764 2048 onus
783 1999 981 2075 pauperum,
1000 1989 1061 2044 aut
1078 1973 1263 2061 artificum,

302 2101 359 2157 aut
377 2102 612 2170 mercatorum,
629 2111 731 2182 quam
750 2083 924 2156 commode
943 2085 1076 2182 possint
1094 2084 1270 2158 sustinere

301 2197 344 2268 ad
370 2196 475 2268 vitam
501 2211 534 2266 et
560 2194 720 2266 familiam
742 2194 1012 2266 sustentandam.

377 2308 516 2402 Propter
542 2305 630 2378 hano
657 2304 819 2377 rationem
840 2303 953 2403 plures
970 2329 1046 2375 eum
1065 2301 1170 2380 Caier.
1189 2305 1264 2377 Sot.

301 2415 406 2489 Tolet.
428 2415 638 2488 dieuntnon
664 2441 740 2490 esse
765 2415 855 2488 iusta
882 2412 1019 2500 tributa,
1041 2440 1129 2512 quae
1154 2413 1269 2514 impo-

302 2541 428 2599 nuntur
456 2551 559 2624 super
582 2525 638 2598 his
663 2525 776 2614 rebus,
798 2551 886 2625 quae
905 2525 947 2598 ad
967 2524 1140 2623 proprium
1160 2551 1267 2598 usum

300 2636 519 2723 deseruntur,
551 2638 741 2710 venduntur
771 2653 828 2710 aut
863 2653 1040 2722 emuntur,
1069 2634 1153 2733 quia
1183 2635 1268 2722 inde

257 2780 258 2783 ¹
300 2773 468 2848 pauperes
493 2747 601 2844 magis
628 2765 810 2844 gravantur
828 2773 930 2846 quam
948 2745 1086 2820 divites.
1107 2743 1270 2818 Commu·

300 2860 378 2932 nius
404 2875 516 2931 tamen
534 2858 569 2929 id
589 2859 776 2955 negatursi
796 2857 945 2956 reliquae
963 2857 1267 2930 conditiones'non

299 2970 471 3055 deficiant,
502 2995 590 3068 quae
615 2968 834 3068 requiruntur
860 2968 903 3040 ad
929 2967 1093 3040 iustitiam
1120 2965 1264 3056 tributi,

214 3159 222 3168 ,
300 3080 430 3154 scilieet
455 3080 497 3153 ab
524 3079 669 3152 habente
690 3077 839 3151 debitam
858 3093 1055 3178 potestatem
1073 3095 1107 3150 et
1124 3094 1269 3178 propter

299 3193 408 3265 iustas
445 3217 569 3263 causas
603 3205 637 3264 et
668 3189 918 3289 proportionata
953 3189 1157 3288 imponatur.
1194 3191 1270 3264 Nec

300 3303 402 3376 refert
426 3300 517 3401 quod
544 3301 609 3375 hoo
638 3318 736 3400 pacto
770 3301 879 3398 magis
913 3298 1093 3374 videantur
1126 3302 1267 3396 grauari

295 3437 466 3512 pauperes
491 3438 594 3512 quam
608 3411 754 3498 divites,
771 3412 863 3484 istud
890 3413 979 3485 enim
997 3437 1180 3508 gravamen
1198 3409 1269 3484 ali-

298 3521 468 3623 quomodo
484 3523 563 3596 illis
589 3538 839 3623 compensatur,
860 3522 1089 3604 dumrerum,
1105 3547 1269 3596 neeessa-

298 3633 426 3708 riarum
452 3649 639 3711 arescente.
657 3634 785 3734 pretio,
816 3633 928 3708 carius
953 3657 1075 3734 operas
1100 3657 1183 3723 sues
1211 3631 1271 3708 lo·
