2640 4430
478 371 516 384 ..
538 341 558 399 9
579 371 616 384 -

57 467 240 528 concessa,
261 441 314 515 vel
340 442 382 514 de
406 441 481 516 eius
508 468 678 516 consensu
697 441 816 515 saltem
835 443 949 515 tacito.
967 443 1029 516 Est

58 555 253 629 communis
265 555 372 628 videri
387 557 541 654 potcstS.
553 554 750 654 Alphonsus
768 554 841 648 (lib.
858 557 890 626 3.
907 557 1022 649 ott).

133 668 188 739 'An
224 683 337 739 autem
366 667 399 739 vi
436 666 714 766 praescriptionis
745 667 798 738 ius
830 666 1026 764 imponendi

60 778 190 850 tributa
217 777 260 849 ab
285 803 345 862 ec,
377 777 435 877 qui
462 802 529 848 non
556 777 601 850 sit
628 802 810 875 supremus
836 777 871 847 in
898 791 1028 875 tempo-
1124 787 1125 796 ’

51 888 220 972 'ralibuS‚
252 888 382 989 acquiri
420 888 550 985 possit,
589 887 759 961 affirmant
781 886 911 985 ‘plures
949 913 1025 959 cum

61 999 97 1070 S.
111 997 215 1098 Alph.
231 998 345 1096 (615.)
359 1016 392 1071 et
408 1000 499 1095 Lugc
513 999 567 1094 (de
577 998 706 1071 iustitia
723 1015 756 1071 et
769 998 841 1070 iure
859 997 950 1097 disp.
963 1001 1021 1069 36.

63 1107 1023 1209 u.1l.).llegantaliicumSuarez(deLegib.c.ll.ll.)

62 1220 195 1322 lessio,
221 1219 276 1314 (de
298 1219 404 1292 iustit.
426 1218 544 1292 etiure
561 1218 620 1290 lib.
641 1221 674 1290 2.
693 1245 723 1291 c.
743 1221 801 1290 33.
816 1245 850 1289 n.
873 1221 945 1314 ll.)
966 1221 1025 1318 qui

63 1345 177 1402 tamen
204 1345 320 1414 notant
347 1329 544 1428 principem,
567 1330 625 1428 qui
653 1330 748 1428 prius
768 1329 1027 1425 recognoscebat

63 1440 286 1564 superiorem,
299 1439 385 1512 benc
403 1467 504 1565 posse
524 1467 584 1539 per
595 1440 873 1513 consuetudinem
887 1457 920 1512 ct
934 1466 1026 1539 prae-

64 1551 281 1672 scriptionem
308 1577 346 1623 se
370 1553 516 1623 eximere
541 1579 561 1623 a
588 1552 645 1624 tali
673 1550 883 1624 subiectione
901 1567 934 1624 et
954 1551 1023 1624 fieri
1133 1646 1134 1653 p

66 1659 293 1758 superiorem,
328 1678 360 1734 et
393 1661 443 1734 sic
477 1664 653 1760 acquirere
685 1679 882 1760 potestatem
915 1662 1025 1759 impo-

66 1771 167 1844 nendi
197 1770 333 1843 tributa

139 1883 335 1956 Concedunt
364 1910 443 1956 vero
473 1887 694 1959 communiter
721 1913 780 1984 per
809 1886 934 1970 talem,
965 1885 1022 1983 qui

66 2018 131 2066 non
158 1994 202 2065 sit
229 2020 408 2092 supremus
435 1996 467 2065 in
495 1995 612 2068 ordine
637 2023 718 2080 suo,
750 2023 850 2094 posse
869 1996 901 2067 vi
930 2021 1023 2094 prae-

66 2105 259 2204 scriptionis
286 2106 340 2178 ius
367 2107 550 2204 aliquando
576 2108 705 2204 acquiri
725 2107 849 2178 tributa
866 2105 1023 2201 exigendi

65 2217 93 2289 si
122 2244 189 2289 non
210 2217 418 2316 imponendi.

138 2329 297 2404 Summus
316 2331 467 2403 Pontifex
486 2346 594 2429 potest
622 2331 746 2403 tributa
766 2332 939 2428 imponere
957 2355 1023 2401 non

64 2440 173 2514 solum
202 2441 237 2510 in
264 2442 360 2513 terris
392 2443 458 2540 ipsi
494 2442 721 2542 temporaliter
748 2441 932 2528 subiectiS‚
963 2440 1023 2512 sed

66 2550 202 2646 (saltem
230 2552 515 2650 quemadmodum
542 2553 735 2649 gravissimi
761 2551 902 2650 quidam
920 2567 953 2622 et
970 2576 1025 2622 ca-

64 2659 183 2733 tholici
210 2678 363 2735 auctores
389 2663 599 2761 opinantur),
620 2663 722 2734 etiam
749 2662 783 2732 in
811 2661 888 2733 aliis
915 2659 1020 2744 locis,

64 2786 97 2843 et
136 2771 234 2842 terris
274 2771 349 2843 aliis
390 2771 603 2871 principibus
647 2771 810 2842 subiectis
852 2786 1024 2868 praestare

64 2880 99 2951 id
128 2896 248 2978 potest,
265 2882 382 2982 aliqua
408 2884 501 2979 gravi
527 2898 668 2978 urgente
691 2881 855 2954 ccclesiae
874 2879 1023 2952 necessi-

64 3007 144 3075 tate,
164 2990 252 3062 vcl'
244 3018 278 3061 rn
309 2991 502 3064 subsidium
529 2991 595 3063 sibi
625 2992 867 3064 necessarium
899 2989 1023 3060 Potiori

64 3100 224 3173 facultate
250 3101 352 3201 pollet
377 3102 502 3176 tributa
528 3102 723 3201 imponendi
742 3101 784 3174 ob
802 3100 925 3172 dictam
944 3125 1024 3172 cau-

64 3239 138 3292 sam
164 3213 198 3286 in
227 3213 314 3286 bona
339 3213 570 3298 ecclesiarum,
593 3239 695 3316 super
722 3239 808 3312 quas
836 3226 945 3310 potest
970 3210 1022 3281 di-

63 3339 154 3396 recte
181 3316 366 3423 imponere.
397 3323 581 3395 Videantur
607 3324 730 3396 Suarez
760 3327 848 3422 (cap.
871 3323 931 3393 11.
953 3323 1019 3420 3.),

62 3435 158 3507 Less.
183 3437 226 3530 (c.
242 3437 300 3508 33.
322 3435 463 3532 n.tc.)‚
485 3433 622 3534 Sylvius
645 3435 858 3532 (taque.
874 3435 1019 3525 art.8.)‚

63 3547 155 3642 lugo
185 3545 232 3640 (d.
257 3549 313 3618 36.
338 3573 372 3616 n.
397 3547 464 3643 1.).

137 3655 329 3755 Episcopus
356 3682 432 3729 cum
459 3681 626 3730 consensu
662 3655 713 3728 sui
751 3653 887 3754 capitdli
915 3669 1024 3750 potest
