2650 4426
735 323 785 350 '-
807 306 846 364 84
868 338 905 350 -

349 433 442 488 tuere
468 416 525 514 qui
554 429 731 512 asportant
754 413 806 486 vel
836 413 988 486 vendunt
1011 430 1069 486 aut
1086 432 1204 487 emunt
1222 443 1296 488 mer-

350 557 406 626 oes
433 524 621 626 prohibitas
646 542 684 596 ut
709 541 762 597 est
787 523 942 597 tabacum
969 540 1130 610 exterum,
1152 525 1205 598 vel
1231 553 1297 599 ven-

349 641 434 714 dunt
445 663 572 710 merces
585 662 671 735 quas
685 633 789 733 aliqui
803 651 840 707 ut
853 635 916 708 soli
930 636 1077 709 vendant
1092 637 1295 736 privilegium

349 779 369 824 a
388 749 521 850 publica
542 761 704 846 potestate
722 747 892 818 consecuti
913 763 1003 818 sunt.

358 927 361 932 .
419 861 470 932 Ad
489 859 631 958 primam
648 857 879 957 quaestionem
899 856 1005 957 aliqui
1025 859 1242 957 respondent,
1263 861 1295 931 il-

346 975 416 1048 lum
443 973 501 1071 qui
529 995 657 1042 merces
684 968 872 1067 prohibitas
898 968 952 1042 vel
978 969 1059 1042 emit
1075 971 1128 1042 vel
1148 973 1295 1044 transfert

348 1101 465 1158 contra
490 1081 574 1178 legis
603 1080 849 1178 praescriptum
885 1107 1019 1180 semper
1053 1107 1193 1181 peccare
1223 1083 1295 1181 quia

346 1197 428 1270 lacit
452 1210 568 1266 contra
593 1192 697 1288 legeS,
718 1192 760 1263 ad
782 1191 906 1266 nullam
927 1209 1037 1265 tamen
1057 1194 1293 1267 restitutionem

346 1306 518 1402 adstringi
539 1303 620 1402 quia
646 1302 859 1376 nullius·ius
894 1303 1047 1375 strictum
1068 1305 1204 1390 violat,
1238 1331 1293 1377 non

345 1417 512 1518 principis
537 1415 597 1516 qui
623 1413 699 1486 illas
734 1440 872 1486 merces
897 1414 961 1486 sibi
997 1440 1062 1488 non
1079 1479 1081 1481 .
1097 1420 1291 1502 reservavit,

346 1555 413 1603 non
435 1527 585 1600 alicuius
618 1525 758 1622 priuati,
787 1524 1008 1624 quianullus
1043 1551 1101 1600 eas
1133 1527 1293 1600 vendendi

344 1638 558 1738 privilegium
584 1635 697 1708 habet.
731 1636 888 1708 Limitant
914 1653 1024 1712 tamen
1051 1638 1107 1710 isti
1132 1639 1204 1710 ot).
1236 1639 1293 1711 nisi

344 1749 483 1849 aliquod
510 1748 672 1820 damnum
700 1747 964 1844 negotiatoribus
992 1749 1090 1845 regni,
1108 1749 1236 1824 iniuste
1251 1752 1293 1821 in-

343 1862 488 1958 seratur,
518 1885 585 1958 quo
612 1859 753 1932 incasu
781 1858 933 1962 obligant
958 1859 1001 1931 ad
1028 1861 1289 1948 restitutionem,

344 1975 481 2072 quando
506 1971 609 2057 enim,
630 1971 737 2058 aiunt,
758 1972 792 2042 in
818 1997 934 2044 eorum
951 1973 1096 2068 gratiam
1112 1991 1150 2046 ut
1167 1973 1292 2048 facilius

342 2109 471 2183 merces
490 2109 571 2156 suas
588 2081 736 2154 vendant
760 2082 891 2156 alienae
909 2083 1144 2182 prohibentur,
1164 2086 1224 2184 qui
1242 2111 1293 2158 eas

343 2195 378 2265 in
405 2192 544 2268 notabili
570 2194 760 2292 quantitate
778 2193 961 2267 introducit
977 2194 1046 2267 illis
1064 2195 1191 2270 iniuste
1205 2197 1294 2269 dam-

342 2331 423 2374 num
450 2304 563 2390 inlert,
586 2330 625 2376 ac
651 2304 792 2403 proinde
817 2304 901 2378 illud
928 2332 989 2404 pro
1016 2332 1117 2405 posse
1143 2334 1293 2408 reparare

342 2431 484 2487 tenetur.
506 2415 660 2488 Bouvier.
886 2439 895 2455 ,
945 2443 948 2450 ¹

399 2526 479 2598 ‘Sed
507 2526 536 2598 si
561 2551 640 2599 vera
665 2542 717 2600 est
741 2526 826 2600 haec
843 2526 1009 2615 limitatio,
1027 2529 1210 2604 dicendum
1227 2559 1294 2606 mo

336 2636 809 2737 ¹raliter‘loqu'endo'semper
834 2638 868 2711 in
894 2639 1084 2713 casusoriri
1110 2641 1292 2740 obligatio—

338 2775 417 2822 nem
435 2749 686 2835 restitutionis,
715 2751 793 2821 nam
827 2750 997 2823 moraliter
1023 2751 1193 2851 loquendo
1212 2755 1291 2826 finis

339 2861 457 2934 talium
471 2860 599 2958 legum,
619 2887 708 2960 quae
730 2863 858 2935 merces
877 2861 1009 2961 aliquas
1027 2865 1165 2938 omnino
1183 2868 1293 2967 prohi-

337 2971 437 3057 bent,
451 2987 502 3046 est
529 2970 664 3070 publico
681 2972 811 3046 aerario
828 2972 880 3046 vel
899 2974 1099 3048 commercio
1117 2977 1289 3064 nationali,

337 3098 396 3154 aut
421 3082 567 3156 alicuius
592 3082 739 3156 civitatis
765 3083 889 3171 favere,
909 3084 1010 3158 uude
1026 3085 1061 3157 in
1081 3088 1178 3186 praxi
1195 3114 1291 3162 casus

336 3193 544 3291 exceptionis
570 3195 605 3266 in
630 3221 698 3293 quo
715 3214 813 3270 esset
838 3197 1083 3272 restituendum
1110 3201 1224 3299 potius
1242 3227 1291 3274 es-

335 3319 390 3377 set
413 3304 594 3402 erigendus
613 3307 646 3379 in
667 3306 828 3404 regulam,
850 3326 883 3381 et
899 3310 1016 3408 regula
1036 3313 1149 3410 potius
1177 3312 1291 3386 inscri-

334 3413 448 3488 benda
473 3431 510 3488 ut
534 3418 701 3516 quaedam
727 3445 813 3492 rara·
828 3421 998 3520 exceptio,
1026 3447 1128 3521 quae.
1150 3422 1292 3498 fortasse

334 3550 510 3626 nunquam
534 3527 647 3602 locum
666 3528 838 3604 halimo„
1143 3553 1146 3560 '

408 3640 529 3735 Verum
555 3641 736 3718 dicendum
761 3644 796 3717 in
821 3670 902 3720 casu
929 3645 1166 3728 nullamoriri
1184 3650 1293 3728 -obli-
