2640 4430
443 339 479 351 -
501 309 541 366 73
563 339 601 352 ..

15 406 138 503 gandi
172 407 206 476 in
226 432 321 493 casu,
338 408 390 479 eui
412 407 501 481 baud
521 411 620 485 fuerit
640 438 699 510 per
717 416 919 487 contrariam
938 417 1006 489 vim

15 519 251 615 derogatum,
275 518 333 589 illa
360 521 423 592 crit
445 523 624 608 servanda;
642 524 701 622 qui
730 545 808 622 ergo
831 525 924 598 illam
952 555 1010 601 ne·

16 627 133 724 gligit
153 627 296 700 inillam
316 647 444 726 peccat,
466 649 498 702 et
513 648 642 704 tenetur
660 635 835 707 restituere
852 637 906 709 vel
925 639 1007 736 quia

13 739 143 810 violat
171 739 226 809 ius
244 739 396 810 strictum
424 740 516 838 quod
542 741 660 815 fundat
681 744 732 816 len
748 746 947 819 tributorum
973 764 1009 820 ut

16 849 135 921 multi
165 847 374 922 voluntcum
403 852 540 936 Suarez,
571 854 622 926 rel
649 857 729 955 quia
755 856 809 929 lex
843 859 1005 931 tributum
1104 842 1108 850 Ι

15 959 223 1058 imponens
238 961 329 1058 quod
350 964 488 1060 pervim
503 963 695 1036 fraudatum
713 965 777 1038 suit
793 969 902 1065 pergit
922 968 1006 1041 illud

17 1087 176 1168 petere,
199 1071 252 1141 cui
273 1071 426 1168 petitioni
452 1072 562 1145 solum
582 1100 642 1171 per
667 1076 869 1150 solutionem
898 1094 1009 1176 potest

20 1180 108 1252 fieri
130 1179 232 1252 satis.
254 1179 326 1252 Hoc
340 1197 449 1254 autem
468 1204 701 1278 argumentum
722 1187 810 1260 valet
825 1191 1007 1286 pro-omni-

23 1293 98 1364 bus
120 1290 274 1378 tributis,
296 1309 455 1376 verumet
470 1321 531 1392 pro
549 1295 754 1394 quibusdam
774 1299 860 1370 mihi
877 1300 1011 1372 videtur

24 1429 149 1500 posse
174 1402 403 1498 urgentiorem
434 1405 547 1477 adbuc
574 1409 735 1480 rationem
763 1408 900 1496 adduci,
922 1436 1010 1508 quae

25 1541 106 1586 non
144 1512 252 1586 solum
283 1513 417 1586 videtur
439 1516 581 1613 probare
605 1519 815 1592 fraudantem
843 1520 926 1592 haec
952 1547 1011 1619 pe·
1095 1591 1097 1596 ,

27 1625 189 1697 culiaria
215 1623 340 1695 tributa
366 1628 396 1698 vi
424 1643 456 1698 et
476 1629 585 1700 armis
611 1630 714 1702 teneri
736 1631 926 1718 restituere,
949 1631 1009 1702 sed

31 1757 69 1810 et
103 1740 212 1811 teneri
231 1738 273 1810 de
294 1739 419 1812 mulcta
439 1766 542 1838 quam
562 1743 596 1811 in
616 1741 840 1822 fraudationis
866 1768 1010 1840 poenam
1033 1733 1038 1748 ’

29 1855 169 1950 infligit
195 1853 261 1925 lex,
281 1856 365 1926 Nam
391 1856 494 1928 relate
512 1857 554 1928 ad
574 1857 740 1954 quaedam
759 1857 883 1930 tributa
903 1858 1010 1954 magis

33 1964 182 2037 usualia
216 1981 388 2038 exactores
425 1966 608 2064 praepositi
637 1966 679 2037 ad
705 1965 839 2038 illorum
874 1967 1013 2040 solutio·

36 2108 122 2152 nem
150 2081 427 2179 percipiendam,
456 2082 490 2152 ni
517 2107 621 2168 error,
655 2098 795 2180 possunt
824 2082 891 2153 dici
919 2085 1011 2180 quod

35 2192 148 2265 simul
188 2212 267 2265 sunt
301 2211 471 2266 exactores
508 2221 567 2293 pro
599 2194 716 2267 tributi
745 2194 912 2268 solutione
946 2196 1013 2268 exi-

36 2304 182 2400 genda,
220 2321 252 2376 et
280 2305 381 2378 simul
409 2323 489 2377 sunt
515 2307 644 2379 indices
673 2333 732 2406 pro
763 2306 898 2378 mulctis
926 2307 1013 2377 inssi-

36 2415 168 2510 gendis
196 2414 228 2485 in
256 2440 338 2486 casu
365 2415 507 2488 fraudis.
531 2417 569 2488 ld
588 2417 711 2488 factum
730 2416 865 2489 videtur
884 2417 1009 2504 dicere;

38 2553 124 2598 nam
155 2525 182 2597 si
210 2552 244 2596 r.
266 2553 317 2623 gr.
339 2527 381 2598 ad
406 2543 536 2624 ‚portam
564 2527 713 2600 civitatis
748 2528 946 2626 pervenias,
978 2531 1011 2600 in

37 2664 150 2736 quam
186 2639 353 2736 quaedam
391 2664 519 2712 merces
561 2667 626 2712 non
665 2658 807 2736 possunt
845 2640 1012 2714 introduci

38 2749 180 2846 absque
204 2749 378 2846 vectigalis
410 2749 591 2833 solutione,
612 2764 645 2820 et
674 2747 751 2819 illas
778 2775 908 2821 meroes
927 2749 1014 2820 nihi·

37 2859 196 2932 lominus
215 2859 299 2932 velis
325 2860 359 2931 in
385 2859 527 2932 eandem
546 2860 718 2931 civitatem
737 2858 866 2930 occulte
884 2859 1014 2957 absque

38 2968 173 3042 tributo
192 2968 417 3057 introducere,
440 2971 468 3042 si
490 2969 704 3069 praepositus
733 2987 765 3041 te
791 2969 1014 3068 deprehendit

39 3084 78 3154 in
109 3081 240 3168 fraude,
262 3082 392 3181 absque
418 3083 486 3156 alio
513 3109 676 3181 processu
705 3082 862 3156 mulctam
881 3083 940 3154 tibi
961 3083 1014 3153 in-

40 3193 136 3288 fligit
162 3191 205 3264 ob
231 3194 461 3266 auctoritatem
490 3221 592 3292 quam
619 3194 661 3265 ad
691 3194 755 3267 boc
789 3194 857 3292 ipsi
896 3194 1015 3267 tribuit

42 3307 126 3404 ipsa
152 3303 217 3390 lex;
235 3321 269 3375 at
295 3323 373 3403 post
399 3304 558 3378 mulctam
585 3307 635 3378 sic
662 3305 722 3376 tibi
750 3331 769 3378 a
797 3304 854 3376 tali
875 3331 1015 3405 praepo·

44 3417 116 3488 sito
142 3414 304 3486 indictam
332 3415 366 3484 in
392 3441 474 3488 casu
500 3442 587 3489 onus
609 3415 668 3487 tibi
688 3411 857 3488 incumbit
873 3418 1012 3515 quidem

46 3528 84 3596 in
112 3523 319 3598 conscientia
340 3523 437 3597 illam
464 3524 624 3597 muletam
653 3523 806 3598 solvendi
833 3527 934 3598 etiam
962 3551 1015 3598 se-

46 3635 199 3708 cundum
225 3636 292 3708 ΛΑ.
315 3636 485 3710 secundae
511 3635 711 3724 sententiae,
733 3650 765 3708 et
791 3651 842 3709 est
861 3661 1039 3709 commu.
