2640 4430
715 299 871 357 ..12-

389 407 528 502 Propter
562 403 624 475 bas
661 404 807 476 rationes
841 403 884 474 ab
916 399 1072 473 hostibus
1100 399 1275 485 externiS,

314 517 373 615 qui
401 513 713 616 iniusterdamnum
738 513 924 598 intulerint,
945 509 997 584 vel
1025 511 1082 608 qni
1110 509 1279 580 iniustum

315 624 482 698 moverint
506 623 654 709 bellarm,
685 641 760 722 post
783 624 958 697 victoriam
986 618 1278 720 proportionatum

315 734 479 807 tributum
510 735 597 831 exigi
619 750 748 832 potest.

391 842 533 929 Quando
554 870 634 917 vero
658 844 878 942 imponuntur
896 840 1130 914 invindictam
1150 837 1281 912 babent

315 957 477 1034 rationem
508 981 635 1055 poenae
662 955 772 1052 quoad
797 953 1048 1050 obligationem
1076 951 1197 1035 solum,
1230 952 1284 1022 ait

314 1069 440 1140 Suarez
470 1072 516 1163 (o.
530 1069 589 1139 13,
608 1069 675 1160 8.),
696 1082 748 1138 est
765 1065 1049 1138 considerandum
1073 1063 1108 1134 in
1127 1063 1204 1135 istis
1224 1089 1282 1136 ca·

312 1179 412 1250 sibus
439 1195 472 1250 et
495 1177 666 1250 similibus
688 1176 849 1249 tributum
876 1202 943 1248 non
970 1175 1113 1272 imponi,
1136 1173 1203 1245 nisi
1231 1174 1281 1246 ob

314 1289 474 1362 delictum
499 1291 564 1361 iam
594 1289 731 1373 sautum,
749 1305 782 1360 et
800 1289 922 1360 iustam
942 1285 1277 1370 condemnationem,

314 1416 351 1470 ut
374 1401 598 1498 supponitur,
629 1399 670 1470 od
698 1399 772 1472 ideo
800 1400 845 1471 ita
877 1397 1018 1494 obligari
1048 1397 1204 1469 homines
1232 1397 1280 1468 ad

313 1509 398 1581 ittud
426 1509 623 1583 solvendum
651 1509 827 1594 tributum,
844 1510 932 1581 sicut
949 1508 1116 1604 obligatur
1135 1534 1212 1579 rens
1232 1509 1279 1580 ad

314 1619 515 1693 solutionem
531 1645 659 1717 poenae
678 1620 906 1719 pecuniariae,
920 1636 1098 1718 postquam
1118 1618 1161 1690 ad
1181 1617 1279 1688 illam

206 1779 208 1790 .
312 1746 365 1801 est
391 1731 478 1802 iuste
504 1731 761 1802 condemnatus
780 1732 852 1802 Non
881 1748 1004 1813 autem,
1026 1729 1116 1827 quod
1135 1729 1186 1800 sio
1204 1729 1280 1799 exi-

306 1843 415 1936 -gitur,
437 1857 586 1939 oportet,
613 1859 649 1912 ut
675 1841 717 1913 ad
744 1867 955 1913 communem
981 1838 1159 1912 utilitatem
1187 1865 1281 1936 spe-

313 1950 444 2024 oialiter
468 1951 654 2024 ordinetur.
682 1953 766 2022 Nam
793 1952 820 2024 si
847 1967 1013 2049 ponantur
1039 1951 1071 2020 in
1105 1975 1275 2046 poenam,

312 2077 470 2160 poterunt
501 2064 589 2136 siout
626 2062 713 2136 aliae
749 2089 877 2161 poenae
904 2061 1067 2161 applicari
1103 2061 1187 2133 fison
1221 2061 1277 2134 vel

313 2173 535 2271 pauperibus,
553 2174 606 2246 vel
635 2173 801 2273 aliispiis
819 2172 902 2246 locis
920 2189 977 2244 aut
1003 2173 1102 2244 etiam
1124 2170 1276 2268 publicis

312 2283 485 2381 operibus
508 2301 565 2354 aut
593 2283 756 2355 ministris
783 2284 932 2356 iustitiae
959 2284 1050 2354 iuxta
1077 2309 1173 2378 reges
1202 2283 1276 2353 im-

313 2393 469 2490 ponentis
488 2393 675 2464 arbitrium.
692 2393 835 2478 Quando
852 2419 930 2465 vero
948 2393 1094 2465 inissent
1112 2394 1276 2490 imposita

311 2503 354 2574 ad
381 2503 506 2575 damna
533 2505 832 2601 recompensanda,
855 2505 889 2575 in
915 2530 1029 2576 eorum
1056 2504 1274 2576 commodum

313 2614 503 2687 redundare
529 2614 664 2700 debent,
683 2616 740 2714 qni
768 2615 930 2686 damnum
964 2615 1057 2712 passi
1086 2617 1277 2686 suntSua·

312 2750 367 2796 rez
396 2729 438 2818 (o,
463 2727 520 2795 15.
540 2727 573 2796 3.
590 2724 649 2795 lib.
669 2728 735 2820 5.).

385 2837 481 2907 Petes
509 2863 552 2906 an
580 2836 741 2933 Princeps
766 2836 873 2934 possit
899 2835 1059 2908 tributum
1095 2834 1276 2932 imponere

312 2947 340 3016 si
368 2945 540 3018 dubitetur
565 2973 608 3017 an
635 2972 781 3040 causam*
800 2947 923 3018 iustam
952 2944 1183 3018 babeatiilud
1211 2949 1272 3018 in-

312 3055 477 3128 dicendi?

385 3167 422 3236 ln
449 3165 552 3236 dubio
579 3166 733 3262 negativo
766 3167 989 3239 communiter
1019 3183 1142 3262 negant
1176 3167 1275 3242 theo-

309 3277 391 3374 logi;
413 3277 441 3348 si
458 3291 566 3347 tamen
582 3277 696 3348 adsint
715 3276 907 3374 probabiles
925 3276 1073 3348 rationes
1093 3302 1152 3373 pro
1172 3279 1274 3349 suffi-

309 3387 432 3459 aientia
446 3387 879 3484 causaepluresoumLugo
892 3389 1269 3484 (standandane.)

188 3496 191 3501 ’
309 3497 427 3566 dieunt
452 3496 639 3593 principem
668 3523 766 3595 posse
793 3497 916 3569 tributa
945 3499 1128 3597 imponere,
1147 3501 1212 3572 etsi
1232 3528 1272 3573 ex

201 3704 204 3709 ·
307 3604 375 3678 alia
401 3620 496 3704 parte
522 3607 636 3678 adsint
663 3607 853 3704 probabiles
882 3611 1028 3682 rationes
1057 3637 1116 3709 pro
1144 3637 1273 3685 causae
