2640 4430
464 296 501 312 -
524 265 565 326 75
585 298 623 316 ...-

34 367 176 466 aliquo
202 369 301 442 medo
326 369 455 443 inducit
480 386 517 444 ut
543 370 747 444 fraudaticni
772 397 839 446 non
856 373 1024 449 obsistant

36 494 74 550 et
106 478 353 552 consentiant?
373 480 585 578 Respondec,
603 480 776 577 gabellarii
796 509 861 556 non
881 502 1025 583 possunt

36 589 281 664 conniventes
307 617 345 663 se
369 591 531 688 praebere
560 590 765 666 fraudationi
798 593 1019 682 tributorum,

35 703 122 775 imo
157 701 280 775 debent
308 703 485 800 invigilare
510 719 547 776 ut
564 703 691 776 tributa
708 704 896 794 solventem
916 733 1023 782 unus·

37 819 209 916 quisque
234 814 269 884 in
296 840 358 887 suc
384 815 503 889 ordine
533 831 565 888 et
594 834 758 914 quantum
789 817 892 913 exigit
920 818 1021 891 officii

36 929 145 1001 ratio
171 924 262 1026 quod
283 925 313 996 ei
340 925 503 997 creditum
531 925 605 1013 luit,
627 927 669 998 ad
689 927 754 1000 boc
772 929 919 1006 enimse
937 927 1022 1000 obli-

38 1057 183 1138 gerunt
212 1066 252 1112 ex
282 1056 454 1114 contractu
486 1039 566 1112 dum
604 1040 753 1113 cilicium
789 1057 1018 1140 acceptarunt.

40 1153 159 1239 Quod
193 1153 221 1226 si
259 1169 347 1227 recte
376 1179 517 1225 munere
548 1178 611 1225 suo
641 1178 708 1225 ncn
740 1152 1021 1249 lungantur‚'te·

41 1283 182 1339 nentur
209 1291 290 1362 erga
325 1265 566 1365 rempublicam
592 1265 644 1338 vel
681 1292 930 1364 quemcumque
962 1266 1021 1364 qui

40 1374 264 1474 reipublicae
285 1376 359 1448 iura
381 1375 530 1470 legitime
552 1375 736 1474 acquisivit
761 1375 804 1447 de
833 1392 902 1448 toto
929 1375 1021 1474 quod

41 1489 210 1560 interest
232 1487 320 1559 Hinc
346 1487 374 1558 si
395 1487 496 1586 eulpa
514 1489 692 1561 custodum
716 1488 825 1562 seluta
845 1513 910 1560 non
930 1488 1022 1560 luere

42 1598 196 1684 tributa,
215 1598 299 1670 haec
324 1597 447 1670 debent
473 1598 515 1671 ab
534 1599 622 1695 ipsis
640 1599 841 1672 custodibus
861 1598 1021 1671 solvendo

45 1711 203 1795 restitui,
217 1711 245 1782 si
267 1710 417 1784 invectae
435 1713 504 1784 sint
521 1711 555 1782 in
576 1712 745 1808 regionem
760 1736 889 1782 merces
904 1710 1022 1809 prehi-

44 1823 147 1894 bitae
182 1839 298 1895 contra
334 1821 388 1895 ius
424 1823 607 1921 privativae
634 1821 724 1918 qued
751 1820 875 1892 habeat
901 1848 1022 1919 respu-

46 1934 160 2019 blica,
176 1934 340 2006 restitutio
358 1934 514 2007 lacienda
538 1950 589 2006 est
607 1931 793 2007 secundum
812 1931 1021 2005 aestimatio·

47 2072 132 2117 nem
160 2044 274 2116 damni
301 2045 391 2143 quod
420 2045 500 2117 inde
531 2046 658 2142 patitur
689 2043 900 2141 respublica,
932 2042 1020 2116 idest

48 2174 186 2230 tantum
216 2159 389 2231 restituere
420 2158 545 2232 debent
571 2159 730 2232 custodes
758 2174 921 2258 quantum
956 2157 1020 2228 rei-

49 2269 214 2366 publicae
241 2270 400 2342 intererat
426 2284 463 2341 ut
489 2297 554 2342 non
582 2270 821 2344 inveherentur
837 2268 916 2341 illae
935 2295 1020 2340 mer-

50 2405 113 2452 ces
143 2379 348 2477 prohibitae.
383 2381 530 2453 Possunt
562 2407 642 2453 vero
674 2381 708 2452 in
743 2380 912 2454 communi
941 2405 1018 2454 sen-

49 2490 163 2564 tentia
181 2489 246 2562 sibi
266 2491 321 2564 isti
340 2491 498 2565 custodes
523 2492 664 2564 retinere
685 2493 827 2589 pretium
849 2491 939 2589 qued
954 2491 1020 2562 lor-

50 2619 150 2674 tasse
163 2600 355 2698 acceperint
369 2627 429 2700 pro
442 2600 727 2674 dissimulatione.
736 2603 827 2698 Lugo
839 2601 1016 2696 (euitat

130 2710 195 2784 Sed
225 2725 379 2784 tenentur
408 2737 451 2782 ue
478 2711 578 2783 etiam
609 2710 651 2782 de
680 2710 812 2782 mulctis
847 2736 933 2808 quas
967 2709 1019 2780 in-

49 2822 175 2918 ssigere
200 2820 400 2895 debuissent
426 2821 728 2916 nonusclventibus
756 2819 935 2906 tributum,
966 2820 1017 2892 vel

49 2933 96 3005 de
125 2932 287 3006 mercium
313 2935 463 3030 ipsarum
488 2930 602 3004 valore
628 2933 657 3004 si
685 2931 870 3030 aliquando
888 2929 966 3002 illae
983 2931 1018 3000 in

50 3041 277 3116 commissum
303 3041 452 3114 incidere
477 3041 686 3127 debuissent,
709 3043 891 3139 praecipue
909 3067 1019 3140 quan-

51 3154 97 3228 do
131 3152 232 3226 talem
264 3180 406 3252 poenam
441 3179 510 3251 per
530 3180 568 3226 se
601 3153 730 3252 absque
761 3153 827 3226 alio
859 3179 1019 3251 processu

51 3267 247 3364 potuissent
272 3265 427 3360 infligere
451 3262 627 3360 gabellarii
653 3263 927 3362 et·culpabiliter
952 3289 1018 3337 non

51 3373 234 3450 lecerunt?
253 3373 433 3448 Affirmant
459 3371 678 3473 probabiliter
704 3401 771 3448 non
799 3377 897 3472 pauci
927 3376 1020 3448 Soet-

51 3489 116 3562 tler
139 3491 255 3584 (tet.)
278 3489 378 3561 Setus
396 3503 428 3560 et
445 3487 501 3559 alii
529 3487 622 3586 apud
642 3487 748 3560 Salm.
772 3489 1017 3587 (cap.1.136.

50 3599 161 3672 Trect.
179 3601 272 3693 lb),
294 3598 376 3698 quia
401 3598 497 3672 aiunt
522 3598 577 3672 isti
606 3597 764 3673 custodes
782 3599 818 3670 in
837 3623 918 3672 casu
936 3623 1015 3672 vere
