2640 4430
446 351 484 364 ..
506 320 546 379 45
566 353 604 365 ..

29 438 236 496 exactorum
271 424 329 522 qui
366 424 494 496 venturi
530 425 674 496 luissent
705 451 772 497 non
804 426 846 496 ad
880 425 1007 500 tributa

31 533 223 630 exigenda,
245 535 305 607 sed
332 534 374 606 ad
401 533 527 631 agellos
545 535 781 607 confiscandos
806 561 865 635 pro
885 537 1006 635 prioris

32 643 147 716 debiti
176 645 450 742 compensatione
486 672 552 718 non
586 662 766 743 pateretur.
795 647 879 734 Hic,
907 647 1004 735 dico,

31 755 179 828 videtur
203 782 325 828 sensus
346 756 476 834 facilior
494 757 614 829 horum
639 745 849 829 verborums

118 865 195 937 Alia
221 892 299 939 vero
320 897 336 935 u
356 885 390 940 et
415 893 489 939 cum
511 883 627 965 posset
649 893 709 964 pro
730 865 813 939 solis
834 867 1007 941 fiscalibus

35 977 170 1049 debitis
203 1005 290 1077 quae
323 979 366 1051 de
400 979 592 1050 memoratis
629 977 916 1075 possessiunculis
952 979 1007 1051 ille

36 1105 256 1161 contraxerat
273 1088 448 1189 imperiale
461 1088 660 1162 beneficium
682 1088 851 1187 postulare
873 1119 889 1157 u
911 1090 1008 1188 equi-

37 1199 121 1271 dem
138 1199 296 1272 videutur
314 1199 463 1273 alludere
482 1201 524 1270 ad
543 1198 695 1271 debitum
722 1215 927 1271 contractum
947 1225 1007 1297 pro

37 1337 111 1382 non
140 1310 250 1383 soluto
278 1312 422 1395 tributot
456 1311 498 1383 ob
533 1311 624 1408 quod
662 1311 771 1407 potuit
795 1310 851 1381 ille
882 1299 1009 1382 Paulus¹

37 1421 119 1492 fieri
147 1421 279 1496 debitor
311 1423 354 1494 de
380 1423 571 1494 memoratis
599 1420 913 1519 possessiunculis:
946 1422 1008 1493 sed

39 1532 71 1602 si
102 1556 181 1603 vere
208 1531 273 1603 hoo
298 1533 362 1604 sibi
386 1531 504 1604 volunt
522 1532 563 1602 D.
583 1530 762 1626 Augustini
794 1530 910 1617 verba,
941 1556 1008 1629 po-

40 1644 127 1727 tius,
143 1660 250 1740 prout
270 1661 304 1715 et
329 1670 381 1716 res
401 1645 478 1743 ipsa
503 1644 673 1717 videretur
692 1643 894 1741 patefacere,
918 1658 1009 1715 esset

42 1779 158 1826 sermo
184 1753 227 1825 de
254 1753 377 1827 tributo
404 1755 484 1828 reali
521 1781 623 1853 super
647 1780 746 1850 agros
778 1752 959 1851 imposito,
989 1781 1008 1825 a

42 1889 114 1963 quo
134 1880 289 1962 exempta
321 1865 441 1938 suisset
471 1864 654 1957 iudicanda
681 1863 915 1962 potentissima
952 1855 1009 1935 illa
1064 1895 1066 1900 ¹

42 1975 191 2059 domus,
221 1974 285 2046 sub
314 1976 412 2047 cuius
439 1976 574 2048 nomine
601 1972 736 2070 agelluli
764 1974 866 2071 empti
894 1972 1005 2061 luere,

45 2102 81 2156 et
109 2110 169 2156 nos
200 2085 242 2157 de
273 2087 348 2158 istis
376 2113 442 2158 non
476 2087 711 2185 disputamus,
742 2099 776 2154 et
802 2084 829 2154 si
865 2082 906 2154 dc
933 2084 1008 2157 istis

45 2195 184 2267 tributis
208 2196 356 2296 loquitur
380 2198 590 2295 Augustinus
609 2195 655 2267 nil
674 2193 858 2293 opponitur
875 2210 1010 2267 nostrae

45 2307 246 2393 sententiae3
271 2308 353 2380 haee
378 2309 467 2382 enim
490 2333 565 2380 cum
588 2309 663 2406 ipso
681 2304 826 2378 dicimus
846 2329 923 2376 esse
941 2303 1010 2377 sol-

45 2418 158 2490 venda
176 2419 207 2491 vi
227 2420 335 2492 solius
349 2420 436 2517 logis
451 2419 510 2491 illa
525 2417 728 2519 postulantis
745 2433 843 2514 prout
860 2415 894 2487 in
914 2441 1011 2514 prae-

46 2531 179 2604 missis.
212 2531 388 2605 Caeterum
421 2531 693 2610 adversariorum
729 2544 781 2600 est
812 2527 949 2600 omnino
975 2527 1011 2598 in

47 2643 139 2716 claro
154 2669 278 2743 ponere
294 2669 431 2716 sensum
448 2642 627 2716 verborum
641 2638 835 2736 Augustini,
852 2654 885 2708 et
897 2652 1012 2709 osten-

47 2754 129 2826 dere
154 2754 212 2827 ubi
231 2782 317 2828 ¹rere
335 2755 380 2828 sit
396 2755 438 2826 de
457 2770 572 2826 nostra
589 2751 802 2851 quaestione.
826 2747 900 2820 Non
918 2747 1010 2819 enim

47 2867 176 2941 sufficit
201 2868 337 2965 longum
363 2868 405 2940 D.
424 2865 606 2963 Augustini
639 2877 764 2936 textum
800 2858 944 2944 relerre‚
978 2872 1012 2930 et

47 2997 167 3080 postea
185 2981 353 3053 affirmare
374 2979 461 3052 hano
488 2978 601 3077 potius
626 2973 679 3047 vel
706 2972 799 3044 illam
817 2969 1011 3069 opinionem

49 3095 84 3163 in
104 3091 163 3166 illo
182 3107 269 3166 textu
291 3089 426 3178 haberi,
457 3089 517 3163 sed
539 3116 581 3160 an
599 3111 676 3162 vere
693 3084 778 3156 haec
798 3079 911 3180 potius
934 3105 1013 3152 senb

49 3204 154 3278 tentia
181 3203 344 3277 habeatur
361 3203 462 3276 etiam
490 3199 700 3301 probandum
725 3213 797 3281 est;
819 3209 853 3266 et
870 3191 1012 3265 forsitan

50 3343 120 3389 uon
134 3333 200 3388 tam
214 3315 314 3388 facile
330 3313 512 3388 firmabunt
528 3309 712 3385 adversarii
729 3320 891 3407 punctum
907 3329 1012 3402 quae·

52 3427 175 3501 ationis
193 3453 233 3500 ex
255 3425 356 3500 citato
381 3425 422 3497 l).
444 3415 635 3521 Augustini
651 3435 756 3494 textu.

124 3539 176 3611 Ad
202 3537 433 3613 auctoritatem
459 3533 667 3608 Tertulliani
691 3555 792 3633 quam
819 3527 919 3602 nobis
951 3549 1015 3624 opr-

50 3666 191 3750 ponunt
206 3651 392 3727 adversarii
419 3647 621 3750 respondeo.
641 3641 883 3718 Tertullianum
901 3633 1015 3710 in'ed·
