2640 4430
695 297 734 310 ..
754 266 773 324 6
794 298 832 310 .-

285 372 358 443 iure
382 370 497 468 aliquo
524 368 738 469 persolvitur,
760 371 831 442 sive
849 370 892 442 ad
910 370 963 442 ius
981 369 1149 466 privatum
1167 393 1245 465 per·

284 481 401 566 tineat,
424 480 495 552 sive
520 479 562 550 ad
590 479 777 577 publicum,
798 480 932 553 videtur
958 478 1150 551 necessario
1168 503 1245 550 esse

285 590 528 663 admittendam
555 616 632 662 cum
659 593 782 663 Suarez
801 591 858 664 cit,
880 591 910 662 si
936 589 1099 662 tributum
1117 588 1246 660 derive-

286 717 340 774 tur
366 728 385 774 a
410 701 511 775 verbo
547 702 665 772 tribuo.
698 702 788 774 Inter
813 701 998 774 strictiores
1028 725 1106 773 vero
1142 697 1246 770 buius
1291 765 1294 772 .

284 812 379 885 verbi
400 813 672 909 significationes
700 813 757 886 illa
783 831 816 886 et
841 813 1029 912 antiquitus
1056 809 1242 896 emicabat,

285 950 354 1023 qua
379 941 412 997 et
437 924 470 995 id
496 925 759 1022 exprimebatur,
787 924 916 1025 quoda
942 925 1083 997 devictis
1111 923 1249 1022 provin-

286 1035 350 1107 ciis
376 1037 412 1105 in
439 1036 663 1109 testimonium
683 1035 902 1108 subiectionis
921 1035 1039 1108 victori
1056 1051 1146 1108 certo
1164 1052 1251 1108 tern-

286 1173 369 1245 pore
393 1163 464 1236 erat
482 1147 691 1221 solvendum.
706 1147 939 1219 verumtamen
958 1161 1056 1244 prout
1073 1145 1140 1218 iam
1160 1173 1252 1220 com-

285 1259 435 1330 muniter
459 1261 624 1358 accipitur
649 1257 830 1353 significat,
853 1273 956 1329 totum
985 1257 1018 1328 id
1045 1256 1136 1355 quod
1163 1258 1253 1330 ale-

287 1367 405 1463 gitima
447 1384 611 1465 potestate
654 1369 838 1465 imperante
877 1366 1009 1439 civibus
1048 1366 1253 1440 solvendum

287 1477 473 1576 imponitur
506 1477 549 1549 ad
579 1478 781 1550 sustinenda
813 1475 1008 1558 communia
1039 1476 1254 1574 reipublicae

287 1612 414 1659 onera..

363 1696 466 1768 Multa
492 1725 626 1799 semper
651 1699 744 1772 luere
770 1698 971 1798 tributorum
997 1722 1133 1792 genera,
1152 1716 1254 1795 prout

288 1808 402 1880 variae
428 1835 563 1906 semper
588 1809 680 1882 luere
706 1836 772 1895 res,
794 1834 897 1907 super
922 1833 1007 1905 quas
1027 1807 1254 1918 imponeban-

288 1933 354 2002 tur,
370 1911 472 1988 'tituli‘
489 1918 532 1991 ob
554 1945 644 2018 quos
672 1917 941 2017 postulabantur,
962 1917 1014 1988 vel
1041 1934 1140 2016 prout
1165 1918 1255 1991 aliae

287 2026 466 2101 variabant
491 2031 764 2104 circumstantiae
790 2046 822 2102 et
848 2028 938 2102 modi
956 2027 1083 2126 quibus
1103 2028 1162 2100 illa
1179 2030 1254 2101 exi-

288 2138 466 2234 gebantur,
490 2167 548 2238 pro
575 2142 700 2241 quibus
713 2141 831 2212 -variis
849 2139 1049 2211 tributorum
1068 2140 1254 2235 generibus

289 2249 482 2322 indicandis
508 2253 602 2323 varia
628 2268 661 2323 et
686 2251 780 2323 luere
806 2252 944 2322 nomina
970 2251 1170 2346 excogitata.

365 2360 452 2432 Hinc
478 2360 638 2433 tributum
667 2361 769 2448 reale,
790 2361 881 2459 quod
909 2361 1092 2459 imponitur
1118 2387 1178 2458 pro
1206 2389 1258 2434 re·

288 2470 354 2568 bus
388 2471 620 2544 immobilibus
647 2490 679 2546 et
705 2471 871 2544 fructibus
907 2498 1036 2544 earum.
1072 2473 1257 2550 Personalc

290 2581 380 2679 quod
408 2581 591 2681 imponitur
617 2585 747 2657 ratione
772 2600 899 2656 tentum
930 2607 1105 2678 personae.
1127 2583 1200 2654 Hoc
1219 2584 1256 2653 in

290 2691 365 2763 iure
396 2693 486 2791 apud
514 2695 682 2768 Romanos
717 2694 893 2767 dicebatur
922 2695 1088 2790 Copitctt'o
1114 2709 1147 2764 et
1173 2719 1258 2765 con-

291 2804 402 2876 suevit
427 2805 530 2880 etiam
555 2806 720 2905 appellari
744 2831 880 2878 census.
982 2853 987 2868 ·

364 2917 501 2987 Mirtum
529 2917 619 3016 quod
648 2943 707 3013 pro
734 2915 835 2988 rebus
854 2916 1051 3014 praesertim
1070 2913 1257 2988 mobilibus

290 3041 324 3097 et
351 3027 504 3124 personis
531 3027 729 3100 solvendum
757 3027 812 3098 sit.

365 3139 452 3210 Hinc
478 3139 618 3238 insuper
644 3139 805 3209 tributum
831 3136 1040 3211 ordinarium
1058 3139 1260 3210 et'extraor—

290 3248 475 3320 dinarium.
493 3247 710 3321 Ordinarium
737 3264 789 3320 est
814 3247 906 3346 quod
924 3275 965 3319 ex
983 3264 1072 3320 certa
1089 3248 1163 3344 lege
1182 3249 1261 3320 sive

292 3359 432 3457 antiqua
458 3359 530 3430 sive
557 3385 662 3444 nova,
692 3358 752 3431 sed
774 3375 904 3431 statuta
930 3359 1026 3430 utin
1054 3376 1260 3458 perpetuum

291 3468 400 3554 duret,
422 3469 604 3567 quotannis
632 3468 829 3543 solvendum
856 3486 919 3542 est.
941 3469 1260 3542 Extraordinarium

291 3578 452 3678 estquod
472 3580 648 3676 ingruente
674 3580 940 3654 extraordinaria
966 3581 1167 3654 necessitate
1194 3581 1263 3650 im-
