2640 4430
694 287 732 300 ..
757 256 794 316 10
818 287 855 302 .-

294 361 426 458 etipse
457 362 491 430 in
511 359 673 434 ¹ecclesiis
696 359 761 432 sibi
789 361 952 434 subiectis
979 361 1128 460 aliquam
1155 363 1267 436 colle-

296 484 382 541 ctam
409 469 582 568 imponere
610 470 652 543 ad
679 473 923 571 reparationem
950 472 1180 559 ecclesiarum,
1208 474 1267 546 vol

296 579 416 651 harum
448 579 740 668 aedificationem,
770 583 799 655 si
833 581 978 681 populus
1013 582 1185 678 indigeat,
1218 584 1268 655 ad

297 693 490 764 necessaria
515 691 743 765 ministrorum
771 693 944 781 alimenta,
966 709 1024 766 aut
1049 694 1117 766 alia
1141 694 1269 768 huius·

297 803 412 889 modi,
443 803 474 874 si
504 803 710 878 alitersuae
736 804 900 879 ecclesiae
928 805 1121 878 necessitati
1148 807 1269 904 provi-

298 913 378 986 dere
403 905 561 1013 nequeat}
582 915 663 1014 quia
689 943 764 989 cum
790 917 834 990 sit
853 917 1009 1016 princeps
1030 941 1207 988 sacrorum
1228 917 1268 988 in

298 1051 362 1097 sua
378 1024 539 1111 dioecesi,
562 1026 649 1098 sicut
667 1027 818 1100 Pontifex
841 1028 875 1098 in
900 1043 968 1100 tota
986 1025 1142 1112 ecclesia,
1165 1026 1269 1098 illam

298 1133 400 1206 habet
435 1152 633 1234 potestatem
668 1138 872 1238 disponendi
907 1139 950 1210 de
985 1137 1264 1236 temporalibus,

299 1270 387 1342 quae
414 1249 606 1320 necessaria
623 1265 674 1321 est
698 1249 741 1321 ad
768 1248 891 1321 bonum
914 1247 1091 1348 spirituale
1110 1249 1270 1320 eiusdem

267 1433 270 1440 ,
300 1383 383 1429 suae
414 1356 577 1430 ecclesiae
609 1361 877 1432 conservandum
906 1379 939 1432 et
970 1356 1267 1456 promovendum,

301 1470 455 1567 quamvis
475 1469 559 1541 haec
578 1470 651 1542 eius
671 1488 820 1568 potestas
838 1498 857 1542 a
876 1473 909 1540 S.
932 1469 1096 1547 Pontifice
1124 1469 1270 1541 limitari

301 1580 421 1676 possit,
434 1580 515 1677 quia
529 1579 612 1651 illud
631 1580 758 1653 dictum
778 1582 1051 1654 Canonistarum.
1069 1579 1189 1666 «Quod
1209 1607 1271 1679 po-

301 1706 366 1760 test
392 1690 482 1786 Papa
508 1693 542 1759 in
569 1706 636 1762 tota
662 1692 824 1778 ecelesia,
855 1692 889 1763 id
915 1694 1015 1765 etiam
1043 1708 1153 1792 potest
1182 1691 1272 1789 Epi-

302 1825 426 1896 scopus
457 1801 491 1868 in
519 1825 582 1871 sua
608 1801 756 1875 dioecesi
780 1831 795 1874 n
817 1801 1072 1900 intelligendum
1104 1818 1155 1874 est
1184 1828 1268 1874 curn

301 1908 547 2006 dependentia,
583 1930 616 1983 et
650 1911 929 1986 subordinatione
955 1914 996 1985 ad
1022 1915 1151 2010 Papam
1179 1928 1270 1984 tam-

301 2047 403 2119 quam
432 2022 652 2119 superiorem,
670 2040 703 2096 et
720 2024 797 2096 aliis
816 2025 983 2122 appositis
1001 2022 1270 2096 limitationibus

303 2158 389 2231 quos
416 2131 502 2202 inter
519 2132 604 2206 alios
623 2135 781 2232 expendit
798 2136 946 2230 layman
968 2135 1075 2230 (tract.
1089 2136 1121 2204 l.
1133 2137 1167 2205 6.
1181 2136 1267 2204 ‘l.5.

303 2244 362 2315 lib.
388 2245 453 2334 l.).
482 2247 518 2316 v.
550 2262 583 2316 et
607 2246 715 2315 Bouix
742 2245 784 2316 de
811 2245 980 2343 Episcopo
1006 2263 1092 2344 part.
1120 2249 1153 2317 ὃ.
1174 2249 1209 2316 6.
1227 2247 1267 2314 8.

302 2356 432 2428 Dictam
459 2382 537 2428 vero
564 2370 763 2452 potestatem
782 2355 952 2453 Episcopo
979 2356 1168 2428 concedunt
1186 2381 1270 2430 cum

304 2464 381 2538 aliis
405 2467 543 2539 lessius
565 2465 637 2560 (cit.
656 2493 690 2536 n.
709 2465 958 2561 16.),Billuart
979 2465 1078 2562 (diss.
1098 2470 1131 2536 9.
1152 2467 1195 2558 de
1214 2467 1272 2537 iu-

304 2577 397 2650 stitia
411 2577 554 2649 artllll.
573 2603 606 2674 p.
622 2577 687 2674 1.)‚
707 2577 751 2648 Sa
764 2577 800 2646 ll.
820 2574 957 2648 Gabella
978 2579 1025 2674 (n.
1045 2579 1112 2670 2.),
1130 2576 1270 2648 Pichler

308 2685 381 2782 (lib.
399 2690 434 2760 3.
451 2686 576 2760 decret.
590 2686 651 2758 lib.
672 2689 706 2758 3.
724 2687 775 2759 tit.
791 2689 848 2758 39.
866 2714 900 2758 n.
920 2689 985 2782 l).
1113 2718 1116 2726 ·

380 2800 428 2869 2⁰.
458 2799 551 2870 lusta
576 2783 697 2882 causei
715 2824 802 2896 quae
828 2796 952 2894 duplex
979 2816 1048 2869 est:
1079 2800 1272 2871 necessitas

305 2909 384 2981 boni
412 2909 612 2992 communis
634 2907 698 2979 sub
716 2935 784 3006 qua
801 2907 998 3004 intelligitur
1016 2907 1182 3006 quidquid
1209 2936 1273 2982 ne-

306 3021 492 3093 cessarium
520 3020 564 3091 sit
589 3018 632 3090 ad
659 3044 826 3117 expensas
854 3045 913 3116 pro
937 3017 1143 3116 reipublicae
1162 3019 1274 3091 admi-

307 3131 517 3214 nistratione,
534 3129 663 3202 decenti
685 3129 852 3229 principis
871 3129 1127 3214 sustentatione,
1144 3129 1188 3201 ad
1208 3132 1274 3202 sti-

306 3240 430 3339 pendia
461 3265 521 3338 pro
540 3240 596 3312 tali
619 3265 758 3312 numero
776 3240 935 3326 militum,
950 3241 1009 3339 qui
1028 3240 1073 3312 sit
1091 3239 1273 3314 sufficiens

306 3368 377 3423 tum
404 3352 446 3422 ad
481 3351 759 3451 tranquillitatem
787 3351 945 3425 tuendam
977 3352 1165 3438 internam,
1197 3369 1273 3424 tum

307 3461 350 3533 ad
385 3460 615 3534 defensionem
641 3477 757 3533 contra
790 3461 905 3534 hostes
937 3478 1112 3547 externos,
1141 3463 1171 3532 si
1201 3462 1274 3534 sint

306 3571 359 3644 vel
385 3573 578 3645 timeantur.
600 3571 760 3645 Similiter
786 3587 917 3670 spectat
942 3571 984 3644 ad
1003 3572 1092 3644 hanc
1117 3597 1274 3646 commu-
