2640 4430
702 285 740 298 -
761 255 801 312 74
823 283 860 304 .—

301 356 357 432 nis
384 357 531 453 theolog.
560 355 713 428 doctrina
740 370 838 452 prout
863 353 1012 429 diximus
1039 354 1072 425 in
1099 355 1278 452 praemis-

274 465 278 486 ¹
302 471 364 542 sis.
395 465 560 568 Equidem
587 483 666 541 eunt
690 465 751 565 qui
778 465 894 540 dicunt
921 490 1047 563 poenas
1073 462 1278 563 aliquando

302 607 369 654 non
394 605 471 654 esse
505 577 683 652 solvendas
711 579 778 650 nisi
804 594 880 678 post
905 577 1031 650 iudicis
1058 579 1276 651 sententiam

301 690 525 775 definitivam,
554 708 587 763 et
616 715 635 762 a
661 715 729 787 qua
754 715 821 762 non
849 691 958 788 possit
983 688 1173 788 appellari,
1209 688 1275 760 sed
1306 699 1307 702 ’

301 802 367 874 hoc
390 827 506 875 verum
532 816 583 873 est
609 799 666 872 ubi
693 799 745 872 lex
771 801 847 898 ipse
873 800 934 873 tibi
961 801 1041 874 lacit
1066 800 1273 874 facultatem

301 910 480 986 differendi
506 937 635 1009 poenae
653 911 853 986 solutionem
873 926 1009 1010 propter
1026 911 1272 1010 interpositam

303 1025 575 1124 appellationem,
599 1053 665 1099 non
693 1043 803 1100 autem
830 1028 968 1125 quando
993 1025 1181 1124 appellatio
1210 1025 1273 1094 lta-

300 1137 395 1210 beret
408 1152 536 1208 tantum
554 1137 708 1212 ellectum
727 1137 954 1211 devolutivum
969 1155 1006 1210 ut
1018 1137 1150 1222 dicunt,
1162 1151 1271 1234 prout

299 1248 414 1322 evenit
439 1247 473 1317 in
501 1273 583 1323 casu
601 1248 644 1320 de
661 1275 730 1348 quo
747 1249 905 1334 dicimus,
928 1250 962 1320 in
983 1276 1050 1348 quo
1068 1247 1135 1320 sub
1154 1272 1269 1344 poene

298 1363 349 1436 rei
377 1359 549 1435 commissi
576 1360 691 1436 statim
717 1361 940 1449 incurrenda‚
974 1379 1012 1434 trt
1037 1361 1268 1434 communiter

299 1472 388 1547 solet
413 1499 472 1572 per
497 1472 588 1568 leges
614 1471 761 1556 decerni,
795 1470 918 1544 mulcta
945 1499 965 1544 a
990 1472 1186 1572 praeposito
1214 1471 1268 1538 in·
1306 1535 1307 1538 ,

301 1587 393 1658 ssicte
419 1583 531 1656 statim
558 1581 708 1678 exlegis
737 1584 945 1681 praescripto
971 1583 1133 1657 solvenda
1159 1599 1226 1654 est.

376 1696 526 1765 lemvero
551 1693 581 1766 ei
607 1693 640 1764 vi
666 1709 698 1765 et
724 1693 828 1764 armis
854 1693 1054 1767 fraudantur
1079 1694 1199 1792 alique
1225 1719 1266 1764 ex

300 1807 398 1878 hisce
423 1803 558 1875 tributis
586 1803 688 1877 relate
715 1803 756 1877 ad
779 1831 868 1902 quae
886 1805 1067 1903 praepositi
1088 1821 1265 1878 exactores

299 1915 450 1988 habeant
475 1913 703 2012 supradictam
729 1914 921 1988 facultatem
946 1916 1091 2002 videtur,
1113 1934 1152 1988 ut
1177 1915 1262 1999 dixi,

302 2027 394 2127 quod
421 2026 582 2098 fraudans
608 2027 708 2098 etiam
736 2043 887 2098 teneatur
912 2027 955 2100 de
982 2026 1105 2100 mulcta
1133 2053 1193 2126 per
1217 2027 1265 2098 le-

298 2166 378 2236 gem
404 2139 551 2222 inflicta,
580 2154 613 2208 et
638 2163 704 2210 non
733 2137 841 2210 solum
868 2137 911 2210 de
936 2136 1051 2210 tributi
1079 2136 1259 2212 solutione.

301 2252 386 2322 Nam
404 2249 484 2320 dum
511 2247 726 2345 praepositus
746 2248 791 2320 ita
809 2247 896 2322 lacto
921 2275 959 2325 se
985 2251 1070 2346 gerit
1091 2266 1128 2322 ut
1147 2277 1262 2324 neces-

303 2362 393 2432 saria
421 2360 464 2430 sit
487 2359 540 2429 vis
566 2356 609 2428 ad
635 2358 709 2429 eius
737 2358 932 2455 petitionem
958 2357 1182 2446 illudendam,
1203 2365 1262 2434 ui-

302 2471 400 2542 detur
424 2469 510 2540 velle
535 2469 669 2565 exigere
695 2469 858 2542 tributum
884 2470 976 2570 quod
1003 2486 1094 2544 esset
1121 2472 1261 2546 solven-

302 2586 383 2658 dum
395 2588 485 2659 omni
501 2587 574 2658 iure
587 2603 620 2659 et
630 2588 720 2658 omni
735 2590 944 2675 auctoritate,
954 2608 987 2662 et
1000 2590 1262 2664 modoadhibito

302 2725 371 2796 quo
397 2715 526 2798 potest,
558 2716 590 2772 et
616 2699 666 2772 sic
693 2700 815 2772 laetum
843 2702 955 2798 ipsum
982 2702 1110 2774 indicat
1135 2703 1260 2776 dictum

302 2811 533 2907 praepositum
552 2811 585 2880 in
612 2837 694 2884 casu
721 2811 882 2884 tributum
901 2813 1035 2908 exigere
1052 2814 1142 2886 omni
1161 2813 1260 2884 ctiam

301 2920 426 2993 mulcta
452 2921 592 3008 inflicta,
614 2948 715 3021 quam
742 2924 835 2996 iuxta
862 2922 953 3018 leges
971 2923 1120 2998 indicere
1138 2940 1256 3021 potest.

301 3031 344 3102 At
370 3031 495 3105 mulcta
521 3033 647 3108 indicta
673 3058 731 3131 per
759 3033 986 3131 praepositum
1012 3048 1197 3106 exactorem
1223 3034 1258 3104 in

300 3140 439 3214 casibus
465 3143 500 3214 in
526 3143 652 3242 quibus
680 3170 738 3242 per
764 3141 855 3240 leges
874 3143 908 3214 id
928 3158 1037 3242 potest
1053 3143 1159 3215 oritur
1175 3143 1259 3216 obli·

301 3253 391 3349 gatio
417 3255 451 3325 in
478 3256 685 3330 conscientia
712 3254 805 3329 illam
832 3253 1009 3340 solvendi3
1040 3279 1119 3350 ergo
1145 3279 1257 3326 verum

301 3365 468 3464 estquod
495 3367 531 3436 in
556 3391 637 3442 casu
665 3364 826 3438 fraudans
853 3366 885 3436 vi
913 3383 945 3438 et
969 3365 1073 3436 ermis
1100 3363 1257 3436 tributum

301 3498 432 3556 tenetur
459 3497 492 3554 et
515 3481 557 3553 de
588 3481 711 3554 mulcta
745 3480 920 3579 perleges
947 3494 1085 3553 statuta.

376 3593 464 3678 Quid
492 3593 535 3664 de
560 3592 766 3690 gabellariis,
788 3609 822 3665 et
851 3591 934 3689 quid
961 3593 1152 3689 decoqui
1180 3590 1256 3665 illos
