2640 4430
695 341 732 354 -
755 311 794 369 78
815 339 853 354 ..

296 436 450 492 tenentur
469 419 641 490 restituere
660 435 737 491 ante
754 418 841 499 alios
859 433 1092 515 oooperantes‚
1112 419 1173 517 qui
1197 419 1262 489 mi-

297 557 361 604 nus
384 531 427 602 ad
445 527 597 602 eamdem
625 529 826 601 iniustitiam
854 551 1055 600 concurrere
1079 527 1256 600 videntur.

349 719 352 726 ,
368 642 487 712 Verum
514 639 648 711 videtur
665 640 847 712 dicendum
863 638 1061 710 fraudantes
1081 640 1188 711 teneri
1211 667 1263 712 re-

297 754 435 824 stituere
462 751 496 820 in
523 775 605 822 casu
634 750 740 846 primu
767 749 840 821 loco
857 767 889 821 et
907 765 984 820 ante
1001 749 1174 833 custodes
1198 751 1263 822 sal·

298 880 362 934 tem
390 859 559 959 loquendo
585 859 769 931 secundum
798 862 1046 930 communiones
1073 861 1262 934 sententias

297 1000 383 1071 quas
410 987 599 1070 sequuntur
624 970 726 1042 theol.
750 971 784 1041 in
804 971 982 1043 statuendo
1007 971 1128 1042 ordine
1145 971 1182 1042 in
1210 999 1263 1045 re·

297 1087 471 1158 stitutione
490 1083 676 1166 servando,
693 1101 725 1154 et
752 1082 932 1181 praecipue
958 1107 1024 1156 non
1051 1082 1263 1182 disputando

297 1196 340 1266 de
366 1195 531 1266 sententia
557 1195 628 1264 Pet.
649 1194 803 1279 Navem,
829 1211 861 1265 et
887 1193 929 1264 de
954 1195 1121 1266 sententia
1140 1195 1260 1266 Barth.

297 1304 384 1377 Med.
407 1307 489 1378 Nav.
509 1305 631 1376 Bonae.
650 1322 713 1376 eto.
737 1331 795 1403 pro
822 1331 889 1402 quo
916 1304 993 1377 vide
1012 1305 1118 1378 theol.
1140 1307 1176 1378 in
1197 1307 1263 1379 hae

298 1417 509 1516 quaestione.

371 1528 413 1598 Et
444 1524 605 1598 suadetur
636 1526 719 1598 haeo
749 1531 914 1600 sententia
948 1529 1057 1625 primo
1088 1527 1173 1626 quia
1204 1530 1262 1600 isti

297 1638 492 1710 fraudantes
520 1661 625 1708 eausa
650 1638 836 1710 iniustitiae
858 1639 996 1712 ditiores
1016 1639 1094 1712 faeti
1114 1657 1209 1728 sunt,
1230 1659 1266 1712 et

297 1746 516 1845 comparandi
536 1744 693 1819 videntur
710 1747 778 1820 illis
796 1750 854 1846 qui
875 1775 943 1822 rem
959 1749 1117 1822 furtivam
1133 1752 1169 1820 in
1184 1777 1266 1849 spe-

297 1861 348 1931 eie
375 1857 529 1943 retinent,
551 1857 679 1956 quique
706 1858 814 1955 primo
840 1859 913 1932 looo
940 1876 1017 1932 ante
1033 1885 1153 1933 omnes
1173 1861 1262 1935 alios

297 1969 473 2044 restituere
498 1966 634 2053 debent,
656 1994 696 2040 ex
713 1970 884 2042 communi
902 1970 1083 2042 sententie.
1102 1970 1266 2054 Quaado

296 2081 495 2155 custodibus
521 2081 589 2154 diui
614 2081 705 2153 haud
732 2106 831 2179 posse
863 2083 995 2156 videtur
1021 2083 1084 2155 etsi
1114 2085 1266 2180 pretium

295 2212 435 2295 propter
461 2195 674 2294 iniquitatem
701 2196 886 2294 recipiant,
916 2222 981 2269 non
1014 2197 1104 2268 enim
1131 2198 1201 2294 ipsi
1227 2200 1265 2269 in

297 2332 379 2380 casu
405 2307 575 2378 ditescunt
600 2332 640 2378 ex
667 2306 847 2392 iniustitia,
865 2307 925 2380 sed
952 2307 1265 2382 solumoooasione

296 2416 498 2500 iniustitiae,
512 2432 546 2487 at
564 2416 759 2490 fraudantes
779 2418 914 2514 proprie
927 2418 994 2515 ipsi
1009 2417 1138 2491 fruetus
1156 2420 1264 2493 uolti-

297 2541 381 2625 gunt
408 2527 609 2600 iniustitiae.

377 2639 545 2712 Suadetur
572 2641 621 2712 2⁰.
650 2642 734 2738 quia
765 2641 822 2714 isti
853 2639 1049 2714 fraudantes
1074 2642 1177 2714 etiam
1203 2645 1266 2716 vi-

296 2749 419 2823 dentur
452 2777 530 2824 esse
555 2777 660 2826 eausa
691 2751 892 2851 principalis
919 2753 1057 2826 moralis
1088 2769 1264 2852 quatenus

296 2889 357 2962 per
382 2863 563 2936 consilium
589 2866 624 2936 in
651 2865 803 2964 ipsorum
830 2865 972 2962 gratiam
1000 2864 1115 2937 datum
1147 2884 1264 2940 custo·

297 2971 358 3046 des
384 2973 592 3047 induxerunt
615 2974 659 3047 ad
689 2966 903 3063 iniustitiam,¹
924 2991 958 3048 et
982 2975 1033 3048 sio
1058 3001 1138 3048 vere
1162 3003 1264 3048 man-

296 3085 416 3156 dantes
443 3084 557 3172 suere;
586 3085 754 3160 mandans
780 3113 859 3160 vero
886 3103 1018 3160 tenetur
1045 3089 1156 3186 primo
1185 3088 1264 3162 loeo

295 3193 474 3266 restituere
491 3195 623 3268 etiamsi
643 3223 709 3271 non
728 3197 773 3270 sit
791 3197 958 3297 superior,
981 3199 1100 3272 saltem
1118 3213 1155 3284 ut
1171 3199 1265 3270 dixi-

294 3329 373 3376 mus
399 3303 434 3374 in
461 3306 685 3381 communiori
713 3308 893 3388 sententia.
919 3309 962 3380 Et
994 3309 1132 3408 quidam
1167 3335 1264 3384 oom-

295 3415 390 3487 muni
417 3442 521 3489 sensu
540 3418 607 3490 isti
632 3419 828 3494 fraudantes
858 3437 1039 3496 censentur
1065 3422 1165 3495 in-so
1191 3422 1266 3522 pri-

294 3529 402 3602 mario
435 3530 731 3629 susciperemus
762 3535 1001 3610 restitutionis.
1029 3534 1143 3608 vuinus
1168 3534 1266 3608 enim

296 3663 442 3740 aequum
468 3643 617 3742 nequid
645 3643 722 3743 plus
748 3645 861 3724 diuam
886 3646 1059 3722 videretur
1083 3645 1175 3746 quod
1202 3647 1264 3720 isti
