2650 4426
722 316 760 328 -
780 285 821 343 58
841 316 879 329 ..

323 402 375 458 est
399 388 484 459 inter
508 387 578 459 DD.
600 387 839 486 discrepantia,
860 407 893 462 et
917 389 1007 462 circa
1033 390 1095 462 boc
1119 404 1190 462 tota
1209 415 1283 461 ver·

322 511 436 568 satur·
449 522 609 595 praesens
643 497 841 596 disputatio.
875 499 1042 598 Equidem
1070 501 1283 572 communior

323 606 488 679 sententia
514 604 659 677 affirmat
684 604 757 678 dari
784 607 1023 704 obligationem
1050 613 1085 681 in
1103 611 1282 684 couscien-

323 716 370 788 tia
394 715 493 788 etiam
520 713 564 786 ad
594 715 759 790 obiectum
788 721 989 816 proximum,
1011 721 1074 826 sed
1097 749 1163 794 non
1190 724 1282 818 igno-

323 827 409 899 biles
434 826 505 899 DD.
534 828 736 899 contrarium
771 831 960 916 sustinent,
994 831 1086 928 quod
1112 858 1172 930 pro
1200 857 1281 904 casu

324 938 535 1037 quaestionis
563 955 699 1037 propter
723 941 1001 1014 consuetudinem
1028 942 1079 1014 sio
1109 942 1280 1040 interpre-

325 1066 448 1124 tantem
480 1049 543 1122 bas
572 1049 675 1147 leges,
708 1051 760 1124 vel
787 1069 903 1125 eontra
932 1053 1132 1126 strictiorem
1161 1080 1281 1126 earun-

325 1164 400 1238 dem
435 1161 671 1256 obligationem
708 1163 1010 1260 praescribentem,
1037 1164 1120 1236 mihi
1149 1163 1280 1237 videtur

324 1271 423 1344 ualde
449 1271 633 1371 probabile.
656 1273 698 1344 Et
721 1272 810 1345 sieut
835 1300 895 1346 nec
919 1274 1072 1347 valemus
1099 1300 1162 1347 nec
1186 1273 1278 1348 volu-

326 1409 401 1454 mus
427 1381 519 1453 litem
541 1381 698 1452 dirimere
717 1399 864 1454 nostram
883 1385 1060 1456 statuendo
1079 1385 1276 1457 sententiam

325 1492 417 1564 illam
444 1490 655 1564 solummodo
681 1509 883 1577 asserentes,
905 1492 955 1565 sic
973 1493 1097 1590 pariter
1113 1495 1277 1566 existima·

325 1628 401 1674 mus
428 1626 488 1673 nec
513 1600 604 1672 illam
632 1600 765 1672 deliniri
797 1603 1080 1699 percontrarium
1113 1604 1276 1676 adversa-

327 1719 449 1789 riorum
479 1717 710 1802 assertionem,
732 1744 819 1817 quae
850 1718 946 1791 nobis
969 1721 1165 1820 opponitur.

399 1827 450 1898 Ad
475 1829 761 1902 confirmationem
780 1855 870 1928 resp.
889 1832 1057 1905 Potuisset
1075 1832 1270 1931 respublica,
1303 1871 1304 1926 p

327 1961 360 2016 et
384 1959 500 2041 posset
524 1960 557 2014 et
587 1960 696 2041 potest
726 1943 884 2041 princeps
911 1961 944 2016 et
967 1970 1203 2043 quaecumque
1222 1971 1273 2042 pn·

326 2055 415 2127 blica
433 2081 590 2152 suprema
607 2070 756 2153 potestas
775 2053 927 2150 singulos
943 2053 1091 2150 obligare
1105 2054 1170 2127 sub
1184 2054 1274 2149 eulpa

327 2167 454 2241 directe
487 2166 529 2238 ad
565 2166 680 2238 tributi
715 2165 928 2238 solutionem.
963 2167 1034 2238 Hoc
1069 2167 1272 2238 admittimus

327 2280 474 2364 omnino,
494 2278 553 2350 sed
571 2277 683 2351 adbuc
700 2278 858 2363 dicimus,
881 2294 995 2350 nostra
1012 2277 1198 2376 disputatio
1216 2302 1272 2347 non
1302 2261 1303 2312 3

327 2409 378 2466 est
406 2393 449 2464 de
475 2391 555 2476 boc,
586 2392 643 2464 sed
671 2393 759 2465 circa
784 2408 944 2491 punctum
967 2419 1009 2464 an
1038 2392 1196 2490 princeps
1224 2389 1269 2461 tali

327 2517 489 2602 potestate
519 2529 601 2574 usus
632 2503 677 2575 sit
712 2503 746 2574 in
779 2501 855 2574 talis
891 2502 976 2597 legis
1012 2502 1270 2599 promulgatione

328 2612 380 2687 vel
408 2639 488 2685 non.

399 2724 511 2796 Dices:
542 2725 734 2797 existimare
760 2724 923 2796 debemus
950 2721 1040 2820 quod
1067 2722 1205 2819 quidem
1224 2719 1271 2793 teli

328 2850 494 2934 potestate
532 2851 642 2908 utatur
675 2833 880 2932 Respublica
914 2833 996 2932 quia
1029 2831 1078 2903 sic
1112 2830 1269 2906 efficacius

328 2948 429 3020 finem
456 2973 554 3019 suum
580 2947 811 3045 consequitur.
828 2947 930 3043 Resp.
952 2943 1065 3015 Potius
1092 2944 1273 3016 existimare

327 3061 488 3134 debemus
514 3061 606 3159 quod
636 3088 701 3132 non
722 3075 847 3145 utatur,
878 3059 959 3157 quia
984 3057 1085 3130 finem
1105 3086 1201 3132 suum
1227 3081 1272 3128 ae-

328 3197 395 3269 que
425 3172 584 3270 consequi
615 3187 725 3269 potest
749 3170 879 3268 absque
907 3169 969 3242 boc
998 3169 1089 3267 quod
1109 3169 1231 3266 obliget
1246 3165 1271 3233 in

328 3281 534 3353 conscientia
567 3281 609 3353 ad
645 3281 813 3354 obiectum
851 3281 1064 3378 proximum,
1099 3307 1159 3379 per
1196 3279 1300 3373 leges¹

329 3388 550 3476 tributorum,
579 3405 616 3462 ut
641 3417 746 3488 supra
771 3390 942 3472 diximuS,
970 3389 1108 3461 aliunde
1140 3383 1273 3462 suaviori

328 3497 428 3571 modo
463 3499 505 3570 ad
540 3500 683 3572 eundem
719 3500 822 3572 linem
858 3499 1052 3597 perveniet,
1087 3500 1170 3597 quin
1201 3520 1273 3596 pet·

329 3627 402 3683 cato
428 3625 608 3708 graventur
633 3626 680 3684 tot
706 3611 877 3696 homines,
904 3609 962 3708 qui
991 3608 1034 3680 de
1060 3609 1144 3684 lacto
1172 3609 1299 3705 aliquoi
