2640 4430
444 371 481 384 ..
506 341 543 400 19
564 369 601 383 ..

51 466 275 546 contraquam
293 444 385 517 nulla
398 443 557 516 similiter
571 445 761 544 praevaleat
778 436 1000 534 consuetudo,

53 588 138 660 quae
154 557 370 658 aliquomodo
387 556 626 654 obligationem
646 558 858 631 moderetur.'

127 675 171 742 3⁰.
205 672 242 741 ln
275 671 425 742 omniunt
461 669 627 740 sententia
663 670 824 742 solvenda
858 689 936 743 sunt
969 673 1006 742 in

52 784 254 858 conscientia
273 781 410 867 tributa,
433 807 520 880 quae
538 781 651 852 debita
670 781 737 854 sint
759 809 796 854 ex
818 800 1004 871 contractu,

53 914 92 969 ut
115 897 141 968 si
167 911 281 967 essent
315 893 475 966 solvenda
511 919 550 964 ex
581 895 700 979 terris,
734 920 821 992 qnae
851 895 930 967 olim
963 895 1008 968 ad

55 1008 218 1106 principis
251 1005 530 1078 sustentationem
559 1021 591 1076 et
626 1003 795 1102 publicam
827 1006 1009 1079 utilitatem

56 1119 177 1190 luerint
196 1117 401 1211 assignatae,
423 1141 579 1214 quaeque
611 1133 726 1213 postea
757 1118 790 1187 in
821 1117 1011 1216 emphiteu-

55 1232 131 1315 sim,
153 1228 290 1300 seudum
308 1227 360 1299 vel
379 1253 516 1299 censum
536 1227 661 1298 luerint
680 1228 821 1300 traditae
839 1228 904 1300 sub
921 1246 1012 1303 certa
1131 1296 1133 1298 ,

55 1365 167 1412 annua
186 1339 361 1436 pensione,
381 1363 468 1435 quae
495 1364 597 1408 canon
624 1339 798 1409 consuevit
828 1339 1009 1436 appellari,

56 1451 142 1523 sicut
172 1465 204 1520 et
236 1449 377 1546 quaevis
406 1445 498 1533 alia,
532 1473 618 1545 quae
653 1448 686 1517 in
717 1449 807 1520 iusto
840 1464 1014 1522 contractu

55 1560 312 1632 fundamentum
331 1556 469 1628 babent.
482 1558 607 1629 Suarez
631 1561 675 1652 (c.
693 1559 747 1628 13.
761 1586 793 1628 n.
809 1559 873 1653 4.).
888 1559 1014 1632 Navar-

56 1699 113 1744 rus
136 1669 175 1741 C.
195 1669 400 1740 Fratermr'tcs
422 1673 469 1762 (n.
491 1669 581 1761 ld),
604 1695 691 1767 qnae
710 1669 834 1742 tributa
854 1669 1016 1744 solvenda

56 1799 136 1856 sunt
168 1780 298 1876 integre
324 1797 356 1852 et
382 1793 503 1877 sponte
529 1781 603 1852 sine
631 1780 701 1852 ulla
727 1780 952 1855 diminutione
983 1799 1017 1855 et

55 1892 189 1976 fraude,
210 1891 342 1963 etiamsi
370 1917 436 1964 non
464 1909 619 1989 petantur
638 1892 720 1990 quia
745 1892 859 1964 debita
878 1912 957 1966 sunt
974 1921 1016 1966 ex

55 2003 191 2076 iustitie
215 2002 465 2088 commutativa,
487 2028 575 2100 quae
593 2027 708 2073 secum
735 2001 831 2073 affert
860 2001 947 2074 banc
966 2004 1018 2074 iu-

56 2114 240 2188 trinsecam
267 2111 507 2210 obligationem
542 2113 607 2183 nisi
639 2137 658 2182 a
685 2111 852 2209 scriptura
870 2112 923 2185 vel
942 2139 1019 2186 con-

57 2223 241 2297 suetudine
258 2238 389 2296 constet
406 2222 508 2295 aliam
527 2223 634 2295 fuisse
651 2222 877 2296 conditionem
897 2225 999 2323 pacti.

136 2334 227 2404 lnter
252 2359 291 2406 aa
322 2358 410 2431 quae
436 2335 486 2405 sic
511 2331 677 2406 debentur
705 2359 920 2406 recensemus
954 2336 1021 2408 tri-

56 2447 142 2518 buta
175 2443 278 2516 realia
299 2471 387 2544 quae
415 2470 517 2544 super
546 2461 651 2544 terras
677 2460 709 2515 et
739 2470 838 2540 agros
862 2446 1023 2544 imposita

58 2559 150 2642 sint;
182 2580 248 2627 non
283 2555 364 2655 quia
389 2555 474 2627 haec
498 2554 685 2627 debeantur
709 2555 806 2627 titulo
832 2572 1023 2630 contractus

57 2686 97 2742 ut
118 2665 226 2764 aliqui
252 2667 370 2738 nolunt
392 2667 451 2764 qui
478 2665 596 2737 dicunt
620 2663 729 2737 solum
749 2689 826 2736 esse
852 2664 1025 2761 reipubli-

58 2807 144 2866 cae,
180 2779 240 2851 sed
266 2779 347 2876 quia
376 2777 541 2850 debentur
569 2776 670 2848 modo
695 2774 795 2846 valde
821 2774 966 2846 naturali
993 2790 1026 2846 et

58 2891 251 2975 ordinario,
278 2907 310 2962 et
332 2889 413 2988 qnia
432 2912 492 2988 pro
518 2888 594 2960 istis
614 2913 680 2960 non
699 2887 857 2960 videntur
881 2886 1027 2958 militare

59 3005 229 3089 rationes,
242 3028 330 3100 qnae
344 3027 404 3100 pro
418 2999 572 3098 neganda
586 2998 789 3096 obligatione
803 2999 838 3069 in
852 2999 1030 3071 conscien-

58 3116 111 3187 tia
138 3112 254 3212 quoad
282 3111 379 3211 plura
404 3111 472 3184 alia
497 3109 622 3182 tributa
639 3136 659 3182 a
679 3109 833 3209 pluribus
852 3109 1029 3182 adducun-

58 3245 134 3300 tur.
156 3226 226 3298 Nec
242 3224 284 3296 de
303 3224 357 3296 his
374 3223 550 3298 consuevit
567 3222 639 3294 fieri
658 3223 813 3321 quaestio
830 3223 918 3294 inter
934 3221 1032 3322 ¹theo-

59 3339 179 3435 logos,
193 3336 274 3408 doto
285 3335 376 3435 quod
386 3335 474 3408 intra
484 3333 667 3434 prudentes
681 3332 805 3406 limites
820 3333 1033 3426 contineatur

60 3450 249 3536 tributum,
266 3473 328 3522 nec
353 3446 423 3520 ulla
440 3473 590 3546 unquam
608 3444 789 3518 invaluerit
805 3442 1029 3529 consuetudo,

60 3582 161 3661 quae
195 3559 293 3633 aliter
328 3559 566 3658 interpretetur
598 3555 838 3654 obligationem
871 3553 1034 3628 moralem

61 3672 164 3746 eirca
190 3661 298 3745 huius
322 3669 457 3768 generis
484 3668 622 3758 tributa;
648 3668 805 3769 quamvis
823 3665 960 3740 ethaeo
976 3663 1036 3737 tri-

940 3775 957 3810 a

681 3841 700 3872 ι
765 3889 768 3902 t
