2640 4430
711 319 747 334 ..
769 287 811 348 92
831 317 867 332 ...

310 413 376 483 est,·
395 422 472 470 nam
499 396 656 495 quamvis
685 412 821 495 propter
838 393 992 467 fraudum
1021 393 1265 492 praevisionem

307 508 418 582 viliori
450 506 554 605 pretio
584 506 703 598 emerit
734 503 907 602 gabelus,
944 505 998 578 ius
1027 520 1138 576 tamen
1172 519 1266 602 prout

309 619 466 704 diximus,
489 617 671 716 acquisivit
700 617 742 690 ad
774 616 956 714 exigendos
991 638 1107 690 omnes
1140 616 1265 689 fructus

308 735 535 834 gabellarum,
565 734 756 832 exquibus
781 735 848 808 iam
878 735 907 808 si
934 733 1040 835 aliqui
1070 733 1265 807 fraudantur

308 848 376 945 ipsi
403 843 614 917 fraudantur.
1123 864 1126 872 ·

380 957 541 1032 Similiter
559 957 592 1029 in
612 984 694 1032 casu
712 986 779 1059 quo
796 958 950 1058 gabellae
966 958 1096 1032 locatae
1110 957 1171 1031 ¹vel
1189 983 1265 1028 ven-

308 1070 399 1142 ditae
421 1069 558 1140 fuerunt
582 1067 684 1141 alicui
710 1071 852 1169 privato,
886 1095 906 1140 a
931 1066 1185 1140 fraudatoribus
1210 1066 1265 1164 qui

266 1202 276 1219 '
306 1181 446 1279 obligati
486 1182 555 1253 sint
587 1182 765 1255 restituere
803 1208 870 1255 non
907 1206 984 1253 esse
1021 1179 1264 1253 restituendum

307 1291 555 1376 communitati,
578 1307 676 1389 prout
703 1290 786 1364 dicit
811 1289 961 1363 secunda
995 1290 1174 1374 sententia,
1208 1286 1263 1360 sed

306 1401 358 1475 illi
388 1401 519 1500 privato
544 1402 602 1500 qui
634 1401 710 1476 illas
735 1401 886 1498 gabellas
913 1401 995 1474 emit
1015 1401 1066 1474 vel
1090 1400 1260 1483 conduxit,

305 1512 440 1586 videtur
471 1531 503 1586 et
534 1539 635 1612 posse
666 1513 800 1612 probari
834 1539 874 1584 ex
904 1538 944 1585 eo
979 1511 1070 1611 quod
1104 1510 1260 1582 damnum

305 1625 397 1724 quod
432 1626 656 1698 communitas
696 1625 821 1723 patitur
855 1625 890 1695 in
924 1651 1006 1698 casu
1042 1624 1195 1723 sequitur
1224 1647 1261 1692 ex

304 1736 424 1809 fraude
451 1736 663 1823 tributorum,
685 1738 727 1811 de
752 1738 878 1837 quihus
906 1755 958 1812 est
984 1738 1139 1837 quaestio
1157 1735 1260 1810 solum

302 1874 365 1948 per
387 1847 558 1932 accidens,
579 1864 612 1920 et
636 1850 904 1936 occasionaliter,
930 1876 996 1923 non
1015 1867 1127 1922 autem
1147 1875 1187 1921 ex
1204 1846 1258 1917 illa

303 1975 466 2059 tanquam
485 1984 524 2030 ex
545 1983 667 2045 causa3
690 1960 838 2034 iamvero
855 1961 982 2033 damna
999 1986 1088 2058 quae
1107 1984 1260 2057 sequun-

304 2086 359 2141 tur
385 2067 492 2142 solum
513 2067 770 2142 occasionaliter
786 2085 819 2141 et
837 2096 895 2170 per
912 2070 1071 2143 accidens
1089 2068 1258 2165 exaliqua

305 2186 436 2257 actione
455 2209 521 2256 non
540 2199 621 2256 sunt
638 2186 888 2283 compensanda
906 2186 981 2284 lege
994 2188 1156 2274 iustitiae;
1168 2210 1254 2282 ergo.

303 2298 413 2369 Minor
430 2312 482 2368 est
499 2299 687 2370 communis
707 2317 805 2396 prout
818 2296 955 2374 docetur
968 2302 1011 2375 de
1024 2303 1254 2384 Restitutione;
1304 2343 1305 2350 κ

303 2411 383 2483 vide
400 2411 487 2481 inter
501 2407 586 2482 alios
600 2410 752 2506 Sanchez
770 2412 909 2506 (Consil.
919 2413 978 2484 lib.
991 2417 1007 2484 f
1019 2471 1026 2486 .
1040 2441 1070 2486 e.
1086 2416 1118 2484 l.
1133 2413 1212 2487 dub.
1223 2416 1254 2483 5.

305 2519 808 2619 Satm.traet.13.c.t.ttt.).
842 2536 844 2538 ’

375 2631 482 2703 Maior
509 2630 683 2728 probatur:
701 2659 779 2704 nam
797 2633 877 2706 dato
894 2635 1168 2709 communitatem
1186 2660 1258 2708 vere

302 2747 337 2816 in
368 2771 450 2818 casu
477 2744 602 2816 sentire
631 2744 814 2834 damnum,
848 2747 913 2821 hoc
944 2772 1011 2821 non
1042 2766 1153 2847 potest
1183 2767 1258 2823 tau-

303 2883 405 2956 quam
433 2881 602 2928 excausa
630 2859 726 2956 sequi
752 2884 791 2929 ex
823 2857 1033 2930 fraudatione
1065 2859 1122 2932 illa
1150 2860 1258 2933 tribu-

301 2984 412 3041 torum
433 2966 620 3065 dequibus
639 2983 691 3040 est
708 2968 875 3066 quaestio,
897 2968 977 3066 quia
995 2968 1079 3042 haec
1098 2969 1258 3044 fraudatio

301 3076 452 3149 nondum
478 3076 589 3150 locum
619 3075 738 3149 habuit
767 3093 804 3148 ut
829 3078 1032 3176 supponitur
1052 3080 1192 3177 quando
1209 3106 1259 3178 ga·

299 3187 410 3260 bellae
424 3187 565 3260 minoris
587 3187 738 3261 locantur
754 3203 787 3259 et
808 3187 946 3287 quando
968 3215 1047 3262 vere
1068 3192 1258 3264 communi-

300 3317 353 3372 tas
380 3298 539 3371 damnum
568 3301 691 3386 sentit,
722 3300 803 3398 quia
829 3300 908 3373 inde
935 3301 1092 3401 princeps
1119 3302 1163 3376 ob
1191 3305 1259 3376 mi-

300 3440 417 3487 norem
440 3442 608 3488 summam
632 3433 822 3516 perceptam
842 3418 1055 3491 occasionem
1073 3422 1178 3492 sumit
1196 3419 1257 3492 alia

302 3526 417 3600 tributi
446 3527 632 3614 indicendi;
649 3553 740 3625 ergo.
759 3527 985 3602 Confirmatur
1002 3529 1118 3603 eadem
1138 3532 1253 3616 maior,

302 3663 380 3709 nam
403 3637 456 3710 fac
473 3638 563 3736 quod
582 3637 692 3712 locata
710 3637 843 3735 gabella
861 3638 954 3712 nulla
973 3639 1065 3714 fraus
1083 3641 1164 3714 inde
1182 3668 1258 3716 con-
