2650 4426
458 333 495 344 -
518 301 558 360 85
578 333 616 346 ..

50 410 224 506 gationem
252 405 451 479 restituendi
479 423 548 479 tum
582 422 717 507 propter
743 407 889 479 rationes
917 433 1017 508 supe-

51 522 126 594 rius
155 519 320 592 adductas
346 545 431 617 quas
453 517 539 591 bene
557 519 749 618 expendunt
766 518 917 591 Sauchez
936 544 1016 592 con·

51 632 110 705 sil.
136 629 211 727 (lib.
233 631 267 699 2.
288 655 318 702 c.
338 630 371 699 4.
389 627 469 701 dub.
484 632 603 728 16.)εῑ
616 631 707 722 Lugo
726 631 831 726 (lb),
852 629 910 729 qui
930 630 1015 702 etin

50 742 145 814 hauc
170 741 372 813 sententiam
398 739 609 812 descendunt
642 767 729 840 quae
758 739 889 818 „nullam
918 741 1016 812 resti-

52 853 172 927 tuendi
199 850 439 948 obligationem
458 854 622 948 agnoscit,
645 869 714 924 tum
734 853 915 951 praecipue
933 853 1016 951 quia

52 992 93 1039 ex
121 964 400 1038 communissima
427 965 592 1036 sententia
619 965 704 1036 istae
723 963 814 1061 leges
833 990 915 1064 pure
934 989 1014 1063 poe-

51 1077 151 1150 nales
177 1092 269 1162 sunt,
285 1076 331 1147 itu
358 1091 394 1147 ut
420 1102 529 1175 neque
555 1103 614 1175 per
640 1102 677 1149 se
704 1077 747 1150 sit
773 1094 944 1174 peccatum
966 1092 1014 1147 ta-

50 1188 146 1260 libus
172 1187 305 1284 legibus
332 1187 498 1260 contraire
526 1187 591 1260 nisi
620 1187 703 1260 lorte
722 1215 780 1287 per
798 1187 955 1260 accidens
974 1213 1014 1258 ex

52 1299 121 1372 alio
149 1299 258 1398 capite
281 1314 449 1395 peccetur.

127 1409 266 1506 Sylvius
292 1410 351 1507 qui
377 1425 415 1480 ut
441 1409 630 1481 notavimus
657 1425 746 1482 tenet
765 1409 854 1506 leges
873 1408 1014 1480 tributo-

53 1547 127 1592 rum
149 1518 299 1617 obligare
317 1519 351 1589 in
370 1519 578 1592 conscientia
595 1520 642 1590 ait
661 1521 710 1614 (ἓ.
725 1522 758 1591 2.
771 1547 806 1619 q.
818 1523 877 1591 tt.
895 1538 956 1591 art.
976 1523 1010 1590 8.

51 1631 205 1705 conclus.
228 1631 384 1729 septima)
397 1661 413 1698 r
427 1657 446 1702 a
460 1630 533 1724 lege
552 1631 750 1705 tributorum
769 1629 1014 1704 discernendae

53 1761 136 1816 sunt
149 1743 236 1816 aliae
250 1741 376 1840 quibus
392 1744 549 1814 statuitur
564 1770 606 1815 ne
618 1743 784 1841 quaedam
801 1768 929 1816 merces
942 1769 1014 1816 eve·

55 1855 183 1926 bantur
209 1881 248 1926 ex
267 1879 369 1950 regno
388 1852 454 1926 sub
473 1879 582 1951 poena
601 1856 702 1927 unius
722 1855 773 1928 vel
792 1855 933 1926 duorum
953 1881 1013 1926 au-

51 1990 199 2038 reorum.
221 1964 422 2038 Huiusmodi
450 1965 540 2036 enim
569 1964 658 2061 leges
687 1991 751 2038 nou
772 1982 852 2036 suut
871 1965 1012 2037 tributa-

51 2078 135 2160 riae,
148 2076 206 2148 sed
227 2075 397 2174 poenales;
412 2075 557 2174 ideoque
575 2101 640 2148 non
659 2075 810 2172 obligant
827 2075 870 2147 ad
886 2101 1013 2174 poenae

51 2187 253 2260 solutionem
281 2205 358 2260 ante
384 2187 583 2260 sententiam
612 2187 748 2274 iudicis,
770 2188 902 2260 etiamsi
933 2190 1011 2286 quis

51 2298 246 2372 huiusmodi
275 2325 402 2372 merces
428 2302 595 2387 evexerit;
621 2329 636 2370 u
666 2301 769 2372 etita
797 2299 897 2372 sentit
923 2325 1013 2371 corn-

50 2412 165 2484 munis
183 2410 330 2507 theolog.
354 2413 521 2484 sententia
540 2439 580 2484 ex
598 2411 774 2485 Rousselot
795 2417 885 2511 (pag.
908 2413 1009 2505 tte.)

51 2541 83 2595 et
109 2540 160 2595 est
185 2521 374 2595 communis
401 2523 500 2595 etiarn
527 2524 757 2596 timoratorum
778 2522 953 2621 persuasio
971 2549 1012 2594 ex

50 2634 191 2707 Soettler
213 2650 246 2706 et
263 2634 413 2731 Billuart.
437 2634 487 2706 Ad
508 2637 653 2708 rationes
680 2636 891 2708 limitationis
909 2661 1012 2734 quam

50 2746 146 2844 pouit
171 2746 340 2841 contraria
375 2749 542 2818 sententia
577 2747 746 2820 constabit
771 2747 948 2845 responsio
973 2772 1013 2817 ex

51 2885 130 2931 mox
150 2857 309 2930 »dicendis
336 2859 371 2928 iu
399 2859 554 2956 sequenti
582 2860 792 2956 quaestione.

125 2969 173 3039 nd
202 2969 384 3042 secundam
405 2971 637 3068 quaestionem
658 2971 786 3043 scilieet
803 2970 914 3069 quoad
934 2995 1010 3041 eum

51 3083 110 3180 qui
140 3107 197 3178 per
222 3080 373 3153 fraudem
401 3082 518 3155 vendit
544 3109 672 3155 merces
699 3110 786 3182 quas
813 3083 917 3182 aliqui
938 3100 1011 3155 tau-

51 3211 121 3266 tum
147 3193 312 3265 vendendi
333 3194 387 3266 ius
406 3194 532 3266 habent
557 3220 596 3265 ex
619 3195 796 3292 priuilegio
817 3194 873 3267 alii
892 3195 1010 3268 dieunt

51 3305 151 3375 istum
179 3319 211 3376 et
239 3323 377 3401 peccare
403 3320 436 3376 et
462 3306 565 3378 teneri
592 3307 634 3377 acl
663 3305 906 3378 restitutionem
938 3323 1010 3377 tum

51 3440 130 3510 erga
156 3414 398 3512 privilegiatos
418 3432 486 3488 turn
507 3416 687 3515 aliquoties
706 3443 786 3513 erga
806 3417 1007 3517 principem,

52 3544 82 3598 et
109 3526 264 3624 quidem,
296 3526 403 3613 aiunt,
432 3543 563 3620 tenetur
588 3529 631 3598 ad
658 3530 903 3602 restitutionem
931 3553 1011 3624 erga

52 3636 279 3733 privilegiatos
313 3637 356 3710 de
391 3654 459 3711 toto
485 3639 579 3711 lucro
605 3640 695 3737 quod
734 3641 954 3740 probabiliter
978 3654 1012 3710 et
