2640 4430
536 345 539 352 .
719 323 756 336 -
778 293 798 351 8
818 323 856 337 -

306 398 408 495 vulgo
435 395 612 496 personale
638 395 772 483 di'oitu'r,
794 412 827 468 et
851 422 940 494 quae
965 395 1000 466 in
1026 395 1199 496 aliquibus
1217 425 1270 471 re-

306 507 466 606 gionibus
493 531 597 606 supra
622 505 758 580 divitias
781 505 923 580 mobiles
942 521 1135 580 statuuntur
1152 526 1184 582 et
1201 509 1269 584 alia

306 617 519 692 huiusmodi.

380 727 550 802 Indirecta
562 745 641 802 sunt
654 755 742 827 quae
754 729 881 803 cadunt
894 730 1086 804 immediate
1100 733 1135 804 in
1149 759 1273 831 quam·

306 841 385 913 dam
404 841 569 914 actionem
588 839 677 912 circa
695 839 829 940 aliquas
849 868 916 930 res,
927 857 961 914 et
977 841 1122 915 mediate
1140 843 1173 914 in
1193 871 1271 943 per-

307 977 410 1026 sonas
436 978 525 1051 quae
550 950 641 1024 circa
666 950 743 1024 illas
770 979 823 1026 res
849 969 955 1051 agunt
989 955 1155 1027 actionem
1180 983 1275 1056 quae

221 1065 222 1070 ’
306 1063 397 1136 cadit
423 1062 488 1136 sub
505 1062 579 1159 lege
596 1060 985 1162 tributumimponente,
1003 1079 1084 1165 puta
1103 1065 1270 1154 vendunt,

307 1190 436 1259 emunt,
456 1189 673 1259 consumunt,
696 1173 914 1246 introducunt
939 1190 1002 1248 etc.
1026 1179 1169 1275 prout'a
1194 1175 1272 1273 lege

306 1284 752 1383 taxaturemptio,venditio,
762 1285 975 1386 consumptio
990 1286 1271 1360 introductioetc.

305 1397 357 1469 nd
383 1396 468 1468 haec
494 1409 694 1468 revocantur
709 1422 798 1494 quae
817 1394 978 1469 solvenda
997 1413 1076 1469 sunt
1093 1397 1134 1467 in'
1147 1397 1274 1497 aliqui-

305 1508 370 1580 bus
385 1506 570 1606 provinciis
589 1531 650 1604 pro
668 1505 739 1578 iure
757 1508 999 1592 successionis
1017 1534 1076 1606 pro
1089 1535 1155 1580 usu
1169 1509 1273 1581 char-

306 1635 359 1692 tae
385 1618 594 1713 obsignatae,
617 1643 677 1715 pro
702 1617 930 1716 descriptione
948 1633 1179 1691 contractuum
1201 1636 1268 1693 eto.

752 1796 776 1858 S.
797 1790 823 1846 2.

353 1935 393 1977 DE
407 1933 641 1976 CONDI'PIONIBUS
655 1933 696 1975 AD
712 1933 839 1976 TRIBUTI
854 1933 1017 1977 IUSTITIAM
1032 1935 1219 1982 REQUISITIS.

380 2063 461 2136 Tres
487 2062 710 2135 communiter
744 2065 961 2162 requiruntur
987 2064 1199 2138 conditiones
1235 2087 1274 2141 ut

306 2175 467 2248 tributum
493 2175 538 2246 sit
561 2173 702 2260 iustum,
725 2173 853 2246 scilicet
878 2193 914 2247 ut
941 2177 1100 2273 procedat
1126 2205 1145 2249 a
1172 2179 1274 2276 legit-

306 2287 387 2361 tima
407 2301 582 2386 potestate,
605 2300 642 2356 ut
660 2299 826 2357 statuatur
848 2311 889 2356 ex
915 2285 1004 2358 iusta
1029 2313 1145 2372 causa,
1164 2307 1197 2360 et
1215 2291 1276 2363 de·

307 2396 376 2470 bita
394 2421 469 2470 cum
489 2400 705 2495 proportione
724 2394 905 2467 dividatur.

383 2514 429 2580 1⁰.
460 2506 638 2603 Legittima
661 2505 856 2578 auctoritas,
879 2505 1016 2578 Tributa
1042 2509 1216 2606 imponere
1239 2530 1276 2584 et
1307 2540 1314 2555 ‘

306 2620 440 2717 exigere
473 2633 617 2716 possunt
650 2616 760 2689 solum
797 2619 948 2715 supremi
980 2634 1090 2691 status
1122 2621 1275 2693 admini-

306 2746 479 2812 stratores,
501 2729 559 2827 qui
588 2729 622 2831 in
650 2729 748 2800 terris
777 2730 850 2800 suis
878 2729 1087 2827 superiorem
1115 2757 1181 2806 non
1209 2733 1276 2806 ha-

305 2841 397 2926 bent,
415 2855 452 2912 ut
469 2840 707 2936 Imperatores,
723 2840 844 2936 Reges,
866 2839 1040 2940 Principes
1059 2843 1277 2939 superiorem

306 2977 373 3022 non
400 2963 637 3046 agnoscentes,
659 2966 691 3022 et
717 2949 827 3048 quiin
851 2949 1025 3046 guberniis
1045 2952 1280 3049 popularibus

306 3086 473 3133 summam
502 3085 612 3130 rerum
639 3059 765 3132 babent
782 3078 815 3133 et
832 3076 998 3160 potestate
1016 3062 1173 3134 fruuntur
1189 3090 1278 3138 con-

305 3169 408 3242 dendi
428 3169 531 3266 leges.
549 3169 627 3266 Arg.
640 3196 670 3242 c.
692 3197 795 3270 super
812 3170 1018 3270 quibusdam
1037 3173 1074 3270 §
1097 3191 1278 3271 praeterea

304 3278 347 3351 de
364 3278 543 3351 verborum
564 3279 681 3375 signif.
703 3295 736 3352 et
753 3307 784 3354 c.
808 3283 1013 3356 innovamus
1031 3282 1073 3355 de
1091 3284 1273 3360 censibus.

384 3389 497 3476 Quare
531 3391 559 3464 si
596 3390 723 3463 alicubi
757 3394 908 3468 civitates
942 3411 975 3466 et
1008 3396 1278 3473 cummunitates

304 3502 407 3574 etiam
437 3500 593 3575 subditae
627 3503 823 3576 concivibus
850 3505 973 3578 tributa
1003 3507 1204 3605 imponunt,
1238 3511 1277 3582 id

305 3626 544 3711 praestanter
571 3613 728 3688 facultate
753 3641 772 3687 a
799 3627 958 3713 suprema
990 3633 1155 3715 potestate
1181 3618 1279 3717 ipsis
