2640 4430
413 331 415 336 ’
436 349 473 362 -
496 317 537 378 89
558 349 596 362 -

11 426 119 500 baud
151 447 317 498 secusac
343 421 434 518 loges
461 420 675 505 tributorum,·
692 432 731 498 et
756 419 831 492 idco
849 445 890 492 en
914 418 997 496 itta-

14 563 112 609 rum·
131 535 315 608 violatione
341 557 407 606 non
434 530 536 604 aliam
563 530 643 604 oriri
670 529 908 628 obligationem
929 529 997 606 nisi

14 648 201 722 subeundi
228 672 371 748 poenam
398 658 477 745 post
495 644 618 728 iudicis
637 645 853 718 sententiam.
874 646 912 716 In
932 645 998 718 hac

15 745 200 842 sententia
229 785 294 832 non
317 756 433 838 ,solum
461 782 534 840 non,
555 756 698 838 oriretur
714 755 997 854 obligatioresti-

14 871 149 944 tuendi
177 886 255 943 ante
281 868 407 942 iudicis
426 867 641 953 sententiam,
662 867 722 941 sed
742 893 852 967 neque
874 895 948 967 per,
961 895 998 942 se

15 999 121 1055 esset
149 995 324 1080 peccatum
345 979 462 1052 talium
483 977 593 1075 legum
614 978 853 1074 transgressio,
869 1003 998 1076 quaut-

14 1097 73 1169 vis
107 1120 171 1194 per
197 1094 355 1168 accidens
382 1092 484 1192 culpa
510 1093 619 1192 possit
644 1092 859 1166 intervenire.
912 1181 914 1186 y

104 1205 258 1291 Quaeres
279 1203 413 1276 tandem
441 1201 495 1274 cui
522 1201 683 1274 facienda
704 1202 749 1274 sit
775 1201 940 1274 restitutio
967 1203 996 1274 si

17 1314 217 1414 aliquando
244 1313 400 1408 fraudata
426 1313 526 1388 suere
544 1311 682 1383 tributa.
716 1313 789 1384 Non
805 1351 806 1356 =
824 1310 996 1409 loquimur

19 1426 64 1498 de
96 1425 169 1497 illis
196 1425 256 1524 qui
282 1422 485 1522 deprehensi
514 1421 549 1492 in
575 1419 694 1494 fraude
720 1421 994 1495 damnanturad

19 1537 207 1622 mulctam,
226 1537 282 1610 isti
308 1537 398 1610 enim
425 1535 548 1608 debent
568 1559 605 1606 se
622 1534 832 1607 conformare
849 1535 916 1633 ipsi
936 1535 996 1606 iu-

20 1648 120 1721 dicis
137 1723 139 1728 ,
156 1647 355 1720 sententiae.
390 1645 485 1717 Unde
518 1644 613 1724 haee:
635 1644 790 1742 quaestio
816 1645 851 1715 in
879 1660 996 1717 nostra

21 1758 200 1831 sententia
231 1756 392 1854 procedit·
408 1770 537 1828 tantum
552 1754 599 1838 ⁴de
626 1754 695 1827 illis
719 1757 778 1853 qui
798 1755 999 1827 fraudarunt

22 1869 159 1940 tributa
184 1866 431 1966 corrumpendo
457 1866 616 1939 custodes
644 1883 743 1963 prout
767 1868 934 1953 vidimus,
964 1884 997 1940 et

24 1978 69 2050 de
100 1976 301 2050 custodibus
329 1976 387 2074 qui
415 1975 839 2059 illorumiraudi‘iuerint
864 2003 995 2075 ooope-

27 2091 110 2176 rati‚
133 2105 166 2161 et
193 2088 457 2186 respondemus..

107 2201 226 2273 Plures
245 2200 364 2271 dicunt
393 2198 652 2282 restitutionem,
668 2200 859 2274 faciendam
892 2202 995 2300 prin-

26 2314 122 2412 cipi,
153 2312 217 2384 etsi
251 2310 402 2408 gabellas
437 2307 526 2380 alius
553 2309 763 2382 conduxerit.
798 2312 883 2382 Nam
917 2310 993 2398 illi,

27 2425 141 2511 aiunt,
163 2425 319 2497 facienda
344 2440 397 2496 est
422 2423 587 2498 restitutio
617 2424 671 2496 cui
698 2424 786 2498 iacta
803 2440 855 2498 est
872 2425 998 2498 iniuria

26 2551 60 2606 ot
94 2533 234 2606 allatum
257 2533 432 2620 damnum.
463 2531 504 2604 At
531 2534 688 2633 princeps
709 2553 852 2634 propter
878 2535 998 2608 subdi-

26 2664 141 2722 torum
173 2648 310 2721 fraudes
336 2647 447 2720 viliori
475 2648 583 2744 pretio
609 2648 761 2721 vendidit
783 2649 844 2726 ¹ius
872 2648 995 2746 gabel-¹

25 2766 99 2840 lam
135 2766 304 2863 exigendi,
326 2766 417 2839 unde
444 2789 568 2864 passus
594 2781 647 2837 est
670 2765 830 2846 iniuriam
848 2781 882 2838 et
899 2765 998 2837 dam-

26 2905 112 2951 num
132 2908 139 2965 ;
163 2879 193 2956 ‚ii
226 2894 339 2951 autem
369 2877 444 2975 qui
462 2876 653 2950 conduxere
682 2876 834 2972 gabellas
865 2875 996 2949 nullum

26 2991 111 3063 inde
139 2989 290 3062 sentiunt
319 2988 480 3060 damnum
507 3014 613 3087 quum
639 2988 673 3060 in
701 3003 874 3062 contractu
911 2988 997 3061 ratio

27 3102 153 3176 habita
180 3101 225 3174 sit
250 3126 380 3185 eorum,
402 3100 462 3198 qui
484 3100 636 3198 gabellas
654 3101 855 3174 defraudare
873 3100 994 3186 solent,

28 3231 62 3287 et
90 3215 141 3287 sic
167 3211 245 3285 illas
268 3211 388 3284 minori
408 3213 525 3310 pretio.
542 3228 707 3297 emerunt,
735 3239 822 3313 quas
840 3212 996 3313 alioquin

28 3322 138 3396 mutto
165 3322 276 3421 pluris
303 3320 564 3395 conduxissent
587 3322 701 3396 Alesia
729 3323 826 3419 (diss.
850 3326 883 3394 b.
905 3349 935 3396 c.
957 3325 993 3394 1.

30 3453 95 3509 art.
113 3439 147 3508 3.
166 3436 209 3510 de
226 3435 404 3532 Legibus).

105 3548 172 3620 Alii
202 3549 317 3647 plures
348 3547 552 3646 praesertim,
577 3549 781 3622 recentiores
803 3548 920 3623 dicunt
938 3573 997 3618 re-

31 3660 243 3734 stitutionem
275 3656 465 3732 faciendam
493 3681 569 3730 esso
595 3659 840 3759 nacprinoipi,
860 3683 921 3731 neo
938 3655 997 3729 tri-
