<?xml version="1.0" encoding="UTF-8"?>
<!DOCTYPE html PUBLIC "-//W3C//DTD XHTML 1.0 Transitional//EN"
    "http://www.w3.org/TR/xhtml1/DTD/xhtml1-transitional.dtd">
<html xmlns="http://www.w3.org/1999/xhtml" xml:lang="en" lang="en">
 <head>
  <title>
</title>
<meta http-equiv="Content-Type" content="text/html;charset=utf-8" />
  <meta name='ocr-system' content='tesseract 3.04.00' />
  <meta name='ocr-capabilities' content='ocr_page ocr_carea ocr_par ocr_line ocrx_word'/>
</head>
<body>
  <div class='ocr_page' id='page_1' title='image "./deobligationele00unkngoog_0030.png"; bbox 0 0 2640 4430; ppageno 0'>
   <div class='ocr_carea' id='block_1_1' title="bbox 51 320 1035 1298">
    <p class='ocr_par' dir='ltr' id='par_1_1' title="bbox 475 320 633 382">
     <span class='ocr_line' id='line_1_1' title="bbox 475 320 633 382; baseline 0.006 -16"><span class='ocrx_word' id='word_1_1' title='bbox 475 355 512 366; x_wconf 92' lang='lat'>..</span> <span class='ocrx_word' id='word_1_2' title='bbox 535 320 575 382; x_wconf 76' lang='lat'>25</span> <span class='ocrx_word' id='word_1_3' title='bbox 596 354 633 367; x_wconf 91' lang='lat'>..</span> 
     </span>
    </p>

    <p class='ocr_par' dir='ltr' id='par_1_2' title="bbox 51 426 1035 1298">
     <span class='ocr_line' id='line_1_2' title="bbox 51 426 1033 525; baseline 0.002 -27"><span class='ocrx_word' id='word_1_4' title='bbox 51 426 233 524; x_wconf 83' lang='lat' dir='ltr'>mulgata,</span> <span class='ocrx_word' id='word_1_5' title='bbox 254 443 286 499; x_wconf 89' lang='lat' dir='ltr'>et</span> <span class='ocrx_word' id='word_1_6' title='bbox 311 455 331 498; x_wconf 88' lang='lat' dir='ltr'>a</span> <span class='ocrx_word' id='word_1_7' title='bbox 357 428 504 525; x_wconf 81' lang='lat' dir='ltr'>singulis</span> <span class='ocrx_word' id='word_1_8' title='bbox 532 429 678 502; x_wconf 90' lang='lat' dir='ltr'>subditis</span> <span class='ocrx_word' id='word_1_9' title='bbox 708 426 934 501; x_wconf 73' lang='lat' dir='ltr'>obedientiam</span> <span class='ocrx_word' id='word_1_10' title='bbox 954 431 1033 502; x_wconf 84' lang='lat' dir='ltr'>exi-</span> 
     </span>
     <span class='ocr_line' id='line_1_3' title="bbox 53 537 1035 638; baseline 0.005 -28"><span class='ocrx_word' id='word_1_11' title='bbox 53 553 166 635; x_wconf 81' lang='lat' dir='ltr'>gunt,</span> <span class='ocrx_word' id='word_1_12' title='bbox 177 537 504 638; x_wconf 79' lang='lat' dir='ltr'>aienteB.Apost0lo</span> <span class='ocrx_word' id='word_1_13' title='bbox 521 537 622 611; x_wconf 88' lang='lat' dir='ltr'>Paulo</span> <span class='ocrx_word' id='word_1_14' title='bbox 638 537 905 635; x_wconf 58' lang='lat' dir='ltr'>(tumnultu</span> <span class='ocrx_word' id='word_1_15' title='bbox 922 541 1035 616; x_wconf 87' lang='lat' dir='ltr'>omnis</span> 
     </span>
     <span class='ocr_line' id='line_1_4' title="bbox 54 647 1033 747; baseline 0.003 -27"><span class='ocrx_word' id='word_1_16' title='bbox 54 649 185 720; x_wconf 87' lang='lat' dir='ltr'>anima</span> <span class='ocrx_word' id='word_1_17' title='bbox 213 648 434 747; x_wconf 84' lang='lat' dir='ltr'>potestatibus</span> <span class='ocrx_word' id='word_1_18' title='bbox 453 648 710 720; x_wconf 81' lang='lat' dir='ltr'>sublimioribus</span> <span class='ocrx_word' id='word_1_19' title='bbox 730 647 867 720; x_wconf 90' lang='lat' dir='ltr'>subdita</span> <span class='ocrx_word' id='word_1_20' title='bbox 885 650 942 722; x_wconf 89' lang='lat' dir='ltr'>sit:</span> <span class='ocrx_word' id='word_1_21' title='bbox 966 676 1033 723; x_wconf 91' lang='lat' dir='ltr'>non</span> 
     </span>
     <span class='ocr_line' id='line_1_5' title="bbox 55 759 1028 858; baseline -0.001 -26"><span class='ocrx_word' id='word_1_22' title='bbox 55 777 121 832; x_wconf 88' lang='lat' dir='ltr'>est</span> <span class='ocrx_word' id='word_1_23' title='bbox 147 759 238 830; x_wconf 89' lang='lat' dir='ltr'>enim</span> <span class='ocrx_word' id='word_1_24' title='bbox 266 775 414 858; x_wconf 89' lang='lat' dir='ltr'>potestas</span> <span class='ocrx_word' id='word_1_25' title='bbox 442 759 509 832; x_wconf 90' lang='lat' dir='ltr'>nisi</span> <span class='ocrx_word' id='word_1_26' title='bbox 535 760 664 832; x_wconf 76' lang='lat' dir='ltr'>alteo:</span> <span class='ocrx_word' id='word_1_27' title='bbox 686 785 773 858; x_wconf 87' lang='lat' dir='ltr'>quae</span> <span class='ocrx_word' id='word_1_28' title='bbox 799 775 911 832; x_wconf 67' lang='lat' dir='ltr'>alitem</span> <span class='ocrx_word' id='word_1_29' title='bbox 938 777 1028 848; x_wconf 90' lang='lat' dir='ltr'>sunt,</span> 
     </span>
     <span class='ocr_line' id='line_1_6' title="bbox 57 869 1033 972; baseline 0.002 -30"><span class='ocrx_word' id='word_1_30' title='bbox 57 898 84 942; x_wconf 90' lang='lat' dir='ltr'>a</span> <span class='ocrx_word' id='word_1_31' title='bbox 114 871 188 942; x_wconf 89' lang='lat' dir='ltr'>Deo</span> <span class='ocrx_word' id='word_1_32' title='bbox 212 869 385 942; x_wconf 88' lang='lat' dir='ltr'>ordinatae</span> <span class='ocrx_word' id='word_1_33' title='bbox 420 885 510 942; x_wconf 92' lang='lat' dir='ltr'>sunt.</span> <span class='ocrx_word' id='word_1_34' title='bbox 542 871 660 968; x_wconf 88' lang='lat' dir='ltr'>ltaque</span> <span class='ocrx_word' id='word_1_35' title='bbox 690 870 748 969; x_wconf 90' lang='lat' dir='ltr'>qui</span> <span class='ocrx_word' id='word_1_36' title='bbox 782 870 909 943; x_wconf 83' lang='lat' dir='ltr'>resistit</span> <span class='ocrx_word' id='word_1_37' title='bbox 940 887 1033 972; x_wconf 88' lang='lat' dir='ltr'>pote-</span> 
     </span>
     <span class='ocr_line' id='line_1_7' title="bbox 58 980 1032 1078; baseline 0.002 -26"><span class='ocrx_word' id='word_1_38' title='bbox 58 981 167 1066; x_wconf 81' lang='lat' dir='ltr'>stati,</span> <span class='ocrx_word' id='word_1_39' title='bbox 204 981 263 1052; x_wconf 91' lang='lat' dir='ltr'>Dei</span> <span class='ocrx_word' id='word_1_40' title='bbox 291 981 492 1052; x_wconf 91' lang='lat' dir='ltr'>ordinationi</span> <span class='ocrx_word' id='word_1_41' title='bbox 524 981 703 1054; x_wconf 86' lang='lat' dir='ltr'>resistit.»</span> <span class='ocrx_word' id='word_1_42' title='bbox 731 981 796 1053; x_wconf 87' lang='lat' dir='ltr'>Sed</span> <span class='ocrx_word' id='word_1_43' title='bbox 823 980 915 1078; x_wconf 86' lang='lat' dir='ltr'>leges</span> <span class='ocrx_word' id='word_1_44' title='bbox 942 981 1032 1054; x_wconf 85' lang='lat' dir='ltr'>iusta</span> 
     </span>
     <span class='ocr_line' id='line_1_8' title="bbox 58 1090 1031 1190; baseline 0.004 -28"><span class='ocrx_word' id='word_1_45' title='bbox 58 1091 196 1162; x_wconf 91' lang='lat' dir='ltr'>tributa</span> <span class='ocrx_word' id='word_1_46' title='bbox 214 1091 472 1189; x_wconf 82' lang='lat' dir='ltr'>praecipientes,</span> <span class='ocrx_word' id='word_1_47' title='bbox 494 1109 530 1164; x_wconf 91' lang='lat' dir='ltr'>ut</span> <span class='ocrx_word' id='word_1_48' title='bbox 549 1090 788 1190; x_wconf 88' lang='lat' dir='ltr'>supponimus,</span> <span class='ocrx_word' id='word_1_49' title='bbox 811 1093 921 1164; x_wconf 89' lang='lat' dir='ltr'>iustae</span> <span class='ocrx_word' id='word_1_50' title='bbox 939 1110 1031 1166; x_wconf 87' lang='lat' dir='ltr'>sunt:</span> 
     </span>
     <span class='ocr_line' id='line_1_9' title="bbox 58 1191 1031 1298; baseline 0.002 -24"><span class='ocrx_word' id='word_1_51' title='bbox 58 1227 148 1298; x_wconf 85' lang='lat' dir='ltr'>crgo</span> <span class='ocrx_word' id='word_1_52' title='bbox 175 1201 383 1298; x_wconf 80' lang='lat' dir='ltr'>obligantin</span> <span class='ocrx_word' id='word_1_53' title='bbox 411 1203 482 1276; x_wconf 89' lang='lat' dir='ltr'>loro</span> <span class='ocrx_word' id='word_1_54' title='bbox 508 1204 748 1287; x_wconf 89' lang='lat' dir='ltr'>conscientiae,</span> <span class='ocrx_word' id='word_1_55' title='bbox 778 1220 810 1276; x_wconf 90' lang='lat' dir='ltr'>et</span> <span class='ocrx_word' id='word_1_56' title='bbox 835 1191 1031 1276; x_wconf 76' lang='lat' dir='ltr'>fraudantes</span> 
     </span>
    </p>
   </div>
   <div class='ocr_carea' id='block_1_2' title="bbox 58 1313 1126 1496">
    <p class='ocr_par' dir='ltr' id='par_1_3' title="bbox 58 1313 1126 1496">
     <span class='ocr_line' id='line_1_10' title="bbox 58 1313 1126 1413; baseline 0.004 -31"><span class='ocrx_word' id='word_1_57' title='bbox 58 1313 159 1385; x_wconf 91' lang='lat' dir='ltr'>iusta</span> <span class='ocrx_word' id='word_1_58' title='bbox 185 1314 362 1410; x_wconf 79' lang='lat' dir='ltr'>vectigalia</span> <span class='ocrx_word' id='word_1_59' title='bbox 390 1331 529 1413; x_wconf 88' lang='lat' dir='ltr'>peccant</span> <span class='ocrx_word' id='word_1_60' title='bbox 560 1331 592 1387; x_wconf 90' lang='lat' dir='ltr'>et</span> <span class='ocrx_word' id='word_1_61' title='bbox 626 1330 782 1386; x_wconf 88' lang='lat' dir='ltr'>tenentur</span> <span class='ocrx_word' id='word_1_62' title='bbox 815 1314 857 1385; x_wconf 94' lang='lat' dir='ltr'>ad</span> <span class='ocrx_word' id='word_1_63' title='bbox 893 1314 1032 1387; x_wconf 87' lang='lat' dir='ltr'>restitu-</span> <span class='ocrx_word' id='word_1_64' title='bbox 1125 1355 1126 1360; x_wconf 15' lang='grc' dir='ltr'><strong>κ</strong></span> 
     </span>
     <span class='ocr_line' id='line_1_11' title="bbox 61 1441 211 1496; baseline -0.013 -2"><span class='ocrx_word' id='word_1_65' title='bbox 61 1441 211 1496; x_wconf 79' lang='lat' dir='ltr'>tronem.</span> 
     </span>
    </p>
   </div>
   <div class='ocr_carea' id='block_1_3' title="bbox 60 1534 1031 2186">
    <p class='ocr_par' dir='ltr' id='par_1_4' title="bbox 60 1534 1031 2186">
     <span class='ocr_line' id='line_1_12' title="bbox 143 1534 1031 1633; baseline -0.002 -27"><span class='ocrx_word' id='word_1_66' title='bbox 143 1534 380 1607; x_wconf 85' lang='lat' dir='ltr'>Confirmatur.</span> <span class='ocrx_word' id='word_1_67' title='bbox 402 1538 484 1608; x_wconf 90' lang='lat' dir='ltr'>Nam</span> <span class='ocrx_word' id='word_1_68' title='bbox 512 1537 601 1608; x_wconf 90' lang='lat' dir='ltr'>sicut</span> <span class='ocrx_word' id='word_1_69' title='bbox 625 1534 828 1633; x_wconf 86' lang='lat' dir='ltr'>Respublica</span> <span class='ocrx_word' id='word_1_70' title='bbox 857 1552 965 1633; x_wconf 89' lang='lat' dir='ltr'>potest</span> <span class='ocrx_word' id='word_1_71' title='bbox 982 1536 1031 1607; x_wconf 90' lang='lat' dir='ltr'>ci-</span> 
     </span>
     <span class='ocr_line' id='line_1_13' title="bbox 60 1644 1029 1742; baseline -0.003 -25"><span class='ocrx_word' id='word_1_72' title='bbox 60 1671 127 1717; x_wconf 80' lang='lat' dir='ltr'>ves</span> <span class='ocrx_word' id='word_1_73' title='bbox 146 1644 357 1742; x_wconf 81' lang='lat' dir='ltr'>obstringere</span> <span class='ocrx_word' id='word_1_74' title='bbox 375 1673 413 1718; x_wconf 84' lang='lat' dir='ltr'>ex</span> <span class='ocrx_word' id='word_1_75' title='bbox 432 1646 560 1718; x_wconf 90' lang='lat' dir='ltr'>iustitia</span> <span class='ocrx_word' id='word_1_76' title='bbox 577 1647 618 1717; x_wconf 93' lang='lat' dir='ltr'>ad</span> <span class='ocrx_word' id='word_1_77' title='bbox 638 1646 798 1718; x_wconf 90' lang='lat' dir='ltr'>tributum</span> <span class='ocrx_word' id='word_1_78' title='bbox 815 1645 1029 1730; x_wconf 89' lang='lat' dir='ltr'>solvendum,</span> 
     </span>
     <span class='ocr_line' id='line_1_14' title="bbox 66 1754 1031 1854; baseline 0 -28"><span class='ocrx_word' id='word_1_79' title='bbox 66 1756 116 1826; x_wconf 89' lang='lat' dir='ltr'>ita</span> <span class='ocrx_word' id='word_1_80' title='bbox 132 1771 166 1827; x_wconf 90' lang='lat' dir='ltr'>et</span> <span class='ocrx_word' id='word_1_81' title='bbox 182 1773 325 1853; x_wconf 90' lang='lat' dir='ltr'>possunt</span> <span class='ocrx_word' id='word_1_82' title='bbox 340 1756 431 1828; x_wconf 91' lang='lat' dir='ltr'>illius</span> <span class='ocrx_word' id='word_1_83' title='bbox 447 1757 738 1829; x_wconf 89' lang='lat' dir='ltr'>administratores</span> <span class='ocrx_word' id='word_1_84' title='bbox 758 1754 977 1854; x_wconf 83' lang='lat' dir='ltr'>principales,</span> <span class='ocrx_word' id='word_1_85' title='bbox 996 1755 1031 1826; x_wconf 90' lang='lat' dir='ltr'>in</span> 
     </span>
     <span class='ocr_line' id='line_1_15' title="bbox 63 1866 1031 1965; baseline 0 -27"><span class='ocrx_word' id='word_1_86' title='bbox 63 1893 157 1965; x_wconf 94' lang='lat' dir='ltr'>quos</span> <span class='ocrx_word' id='word_1_87' title='bbox 184 1882 285 1938; x_wconf 91' lang='lat' dir='ltr'>totam</span> <span class='ocrx_word' id='word_1_88' title='bbox 306 1894 403 1939; x_wconf 90' lang='lat' dir='ltr'>suam</span> <span class='ocrx_word' id='word_1_89' title='bbox 422 1883 619 1965; x_wconf 88' lang='lat' dir='ltr'>potestatem</span> <span class='ocrx_word' id='word_1_90' title='bbox 642 1867 829 1940; x_wconf 85' lang='lat' dir='ltr'>transtulit:</span> <span class='ocrx_word' id='word_1_91' title='bbox 850 1881 883 1936; x_wconf 93' lang='lat' dir='ltr'>at</span> <span class='ocrx_word' id='word_1_92' title='bbox 902 1866 929 1936; x_wconf 95' lang='lat' dir='ltr'>si</span> <span class='ocrx_word' id='word_1_93' title='bbox 951 1891 1031 1964; x_wconf 88' lang='lat' dir='ltr'>pos-</span> 
     </span>
     <span class='ocr_line' id='line_1_16' title="bbox 65 1976 1031 2075; baseline 0.001 -27"><span class='ocrx_word' id='word_1_94' title='bbox 65 1993 164 2061; x_wconf 89' lang='lat' dir='ltr'>sunt,</span> <span class='ocrx_word' id='word_1_95' title='bbox 185 1979 345 2049; x_wconf 88' lang='lat' dir='ltr'>censendi</span> <span class='ocrx_word' id='word_1_96' title='bbox 374 1995 452 2050; x_wconf 92' lang='lat' dir='ltr'>sunt</span> <span class='ocrx_word' id='word_1_97' title='bbox 477 1977 559 2049; x_wconf 92' lang='lat' dir='ltr'>illud</span> <span class='ocrx_word' id='word_1_98' title='bbox 589 1995 772 2075; x_wconf 89' lang='lat' dir='ltr'>praestare,</span> <span class='ocrx_word' id='word_1_99' title='bbox 794 1976 955 2049; x_wconf 90' lang='lat' dir='ltr'>namhoc</span> <span class='ocrx_word' id='word_1_100' title='bbox 974 2003 1031 2074; x_wconf 89' lang='lat' dir='ltr'>pa·</span> 
     </span>
     <span class='ocr_line' id='line_1_17' title="bbox 66 2087 1029 2186; baseline 0 -28"><span class='ocrx_word' id='word_1_101' title='bbox 66 2104 126 2158; x_wconf 88' lang='lat' dir='ltr'>oto</span> <span class='ocrx_word' id='word_1_102' title='bbox 141 2087 310 2160; x_wconf 88' lang='lat' dir='ltr'>efficacius</span> <span class='ocrx_word' id='word_1_103' title='bbox 325 2087 425 2159; x_wconf 88' lang='lat' dir='ltr'>finem</span> <span class='ocrx_word' id='word_1_104' title='bbox 437 2116 534 2160; x_wconf 90' lang='lat' dir='ltr'>suum</span> <span class='ocrx_word' id='word_1_105' title='bbox 545 2104 809 2186; x_wconf 90' lang='lat' dir='ltr'>consequuntur.</span> <span class='ocrx_word' id='word_1_106' title='bbox 824 2088 1029 2182; x_wconf 81' lang='lat' dir='ltr'>(Less.ott.).</span> 
     </span>
    </p>
   </div>
   <div class='ocr_carea' id='block_1_4' title="bbox 63 2198 1033 3737">
    <p class='ocr_par' dir='ltr' id='par_1_5' title="bbox 63 2198 1033 3737">
     <span class='ocr_line' id='line_1_18' title="bbox 149 2198 1028 2284; baseline 0.003 -15"><span class='ocrx_word' id='word_1_107' title='bbox 149 2201 196 2269; x_wconf 79' lang='lat'>3⁰.</span> <span class='ocrx_word' id='word_1_108' title='bbox 225 2199 382 2274; x_wconf 81' lang='lat' dir='ltr'>Accedat:</span> <span class='ocrx_word' id='word_1_109' title='bbox 404 2202 432 2272; x_wconf 88' lang='lat' dir='ltr'>si</span> <span class='ocrx_word' id='word_1_110' title='bbox 460 2200 588 2272; x_wconf 91' lang='lat' dir='ltr'>licitum</span> <span class='ocrx_word' id='word_1_111' title='bbox 611 2216 700 2273; x_wconf 90' lang='lat' dir='ltr'>esset</span> <span class='ocrx_word' id='word_1_112' title='bbox 717 2199 840 2271; x_wconf 88' lang='lat' dir='ltr'>tributa</span> <span class='ocrx_word' id='word_1_113' title='bbox 860 2198 1028 2284; x_wconf 80' lang='lat' dir='ltr'>fraudare,</span> 
     </span>
     <span class='ocr_line' id='line_1_19' title="bbox 63 2309 1029 2408; baseline 0 -29"><span class='ocrx_word' id='word_1_114' title='bbox 63 2310 198 2382; x_wconf 89' lang='lat' dir='ltr'>licitum</span> <span class='ocrx_word' id='word_1_115' title='bbox 226 2327 258 2382; x_wconf 88' lang='lat' dir='ltr'>et</span> <span class='ocrx_word' id='word_1_116' title='bbox 284 2327 375 2383; x_wconf 91' lang='lat' dir='ltr'>essct</span> <span class='ocrx_word' id='word_1_117' title='bbox 401 2338 475 2384; x_wconf 91' lang='lat' dir='ltr'>cum</span> <span class='ocrx_word' id='word_1_118' title='bbox 504 2311 641 2383; x_wconf 88' lang='lat' dir='ltr'>alterius</span> <span class='ocrx_word' id='word_1_119' title='bbox 668 2310 792 2383; x_wconf 91' lang='lat' dir='ltr'>damno</span> <span class='ocrx_word' id='word_1_120' title='bbox 816 2309 1029 2408; x_wconf 87' lang='lat' dir='ltr'>locupletari;</span> 
     </span>
     <span class='ocr_line' id='line_1_20' title="bbox 63 2419 1032 2519; baseline 0.002 -29"><span class='ocrx_word' id='word_1_121' title='bbox 63 2445 146 2490; x_wconf 90' lang='lat' dir='ltr'>nam</span> <span class='ocrx_word' id='word_1_122' title='bbox 180 2419 277 2517; x_wconf 89' lang='lat' dir='ltr'>plura</span> <span class='ocrx_word' id='word_1_123' title='bbox 308 2420 433 2493; x_wconf 92' lang='lat' dir='ltr'>tributa</span> <span class='ocrx_word' id='word_1_124' title='bbox 468 2421 570 2494; x_wconf 90' lang='lat' dir='ltr'>hodie</span> <span class='ocrx_word' id='word_1_125' title='bbox 597 2423 646 2494; x_wconf 89' lang='lat' dir='ltr'>sie</span> <span class='ocrx_word' id='word_1_126' title='bbox 673 2420 781 2494; x_wconf 92' lang='lat' dir='ltr'>solent</span> <span class='ocrx_word' id='word_1_127' title='bbox 815 2421 966 2519; x_wconf 91' lang='lat' dir='ltr'>imponi,</span> <span class='ocrx_word' id='word_1_128' title='bbox 995 2437 1032 2492; x_wconf 90' lang='lat' dir='ltr'>ut</span> 
     </span>
     <span class='ocr_line' id='line_1_21' title="bbox 63 2532 1032 2630; baseline 0.002 -29"><span class='ocrx_word' id='word_1_129' title='bbox 63 2547 161 2601; x_wconf 87' lang='lat' dir='ltr'>certa</span> <span class='ocrx_word' id='word_1_130' title='bbox 179 2555 311 2602; x_wconf 92' lang='lat' dir='ltr'>summa</span> <span class='ocrx_word' id='word_1_131' title='bbox 330 2558 348 2602; x_wconf 92' lang='lat' dir='ltr'>a</span> <span class='ocrx_word' id='word_1_132' title='bbox 366 2532 512 2630; x_wconf 90' lang='lat' dir='ltr'>quadam</span> <span class='ocrx_word' id='word_1_133' title='bbox 531 2533 783 2630; x_wconf 85' lang='lat' dir='ltr'>communitate,</span> <span class='ocrx_word' id='word_1_134' title='bbox 804 2557 856 2602; x_wconf 86' lang='lat' dir='ltr'>ex.</span> <span class='ocrx_word' id='word_1_135' title='bbox 878 2557 927 2626; x_wconf 81' lang='lat' dir='ltr'>gr.</span> <span class='ocrx_word' id='word_1_136' title='bbox 951 2533 1032 2603; x_wconf 91' lang='lat' dir='ltr'>Pro-</span> 
     </span>
     <span class='ocr_line' id='line_1_22' title="bbox 63 2641 1031 2741; baseline 0.002 -29"><span class='ocrx_word' id='word_1_137' title='bbox 63 2641 192 2724; x_wconf 85' lang='lat' dir='ltr'>vincia,</span> <span class='ocrx_word' id='word_1_138' title='bbox 225 2642 424 2738; x_wconf 91' lang='lat' dir='ltr'>postuletur,</span> <span class='ocrx_word' id='word_1_139' title='bbox 453 2643 541 2714; x_wconf 89' lang='lat' dir='ltr'>inter</span> <span class='ocrx_word' id='word_1_140' title='bbox 566 2643 680 2714; x_wconf 90' lang='lat' dir='ltr'>omnia</span> <span class='ocrx_word' id='word_1_141' title='bbox 706 2642 809 2713; x_wconf 91' lang='lat' dir='ltr'>huius</span> <span class='ocrx_word' id='word_1_142' title='bbox 837 2642 1031 2741; x_wconf 84' lang='lat' dir='ltr'>provinciae</span> 
     </span>
     <span class='ocr_line' id='line_1_23' title="bbox 63 2750 1033 2850; baseline 0.001 -28"><span class='ocrx_word' id='word_1_143' title='bbox 63 2750 221 2822; x_wconf 88' lang='lat' dir='ltr'>membra</span> <span class='ocrx_word' id='word_1_144' title='bbox 249 2752 460 2850; x_wconf 89' lang='lat' dir='ltr'>repartienda</span> <span class='ocrx_word' id='word_1_145' title='bbox 487 2753 579 2824; x_wconf 81' lang='lat' dir='ltr'>iuxta</span> <span class='ocrx_word' id='word_1_146' title='bbox 606 2753 876 2850; x_wconf 86' lang='lat' dir='ltr'>uniuscuiusque</span> <span class='ocrx_word' id='word_1_147' title='bbox 894 2750 1033 2823; x_wconf 82' lang='lat' dir='ltr'>faculta-</span> 
     </span>
     <span class='ocr_line' id='line_1_24' title="bbox 64 2850 1030 2961; baseline -0.001 -28"><span class='ocrx_word' id='word_1_148' title='bbox 64 2881 149 2947; x_wconf 88' lang='lat' dir='ltr'>tem,</span> <span class='ocrx_word' id='word_1_149' title='bbox 162 2879 261 2960; x_wconf 90' lang='lat' dir='ltr'>prout</span> <span class='ocrx_word' id='word_1_150' title='bbox 279 2863 351 2960; x_wconf 82' lang='lat' dir='ltr'>lege</span> <span class='ocrx_word' id='word_1_151' title='bbox 369 2850 572 2949; x_wconf 76' lang='lat' dir='ltr'>decernitur,</span> <span class='ocrx_word' id='word_1_152' title='bbox 586 2880 618 2935; x_wconf 92' lang='lat' dir='ltr'>et</span> <span class='ocrx_word' id='word_1_153' title='bbox 636 2864 760 2961; x_wconf 86' lang='lat' dir='ltr'>cuique</span> <span class='ocrx_word' id='word_1_154' title='bbox 774 2861 923 2934; x_wconf 88' lang='lat' dir='ltr'>membro</span> <span class='ocrx_word' id='word_1_155' title='bbox 938 2887 1030 2933; x_wconf 90' lang='lat' dir='ltr'>man·</span> 
     </span>
     <span class='ocr_line' id='line_1_25' title="bbox 63 2971 1031 3073; baseline 0.001 -31"><span class='ocrx_word' id='word_1_156' title='bbox 63 2971 181 3058; x_wconf 91' lang='lat' dir='ltr'>datur,</span> <span class='ocrx_word' id='word_1_157' title='bbox 199 2988 236 3044; x_wconf 93' lang='lat' dir='ltr'>ut</span> <span class='ocrx_word' id='word_1_158' title='bbox 255 2999 393 3044; x_wconf 91' lang='lat' dir='ltr'>suarum</span> <span class='ocrx_word' id='word_1_159' title='bbox 421 2972 630 3060; x_wconf 83' lang='lat' dir='ltr'>facultatum,</span> <span class='ocrx_word' id='word_1_160' title='bbox 661 2999 748 3073; x_wconf 90' lang='lat' dir='ltr'>quae</span> <span class='ocrx_word' id='word_1_161' title='bbox 775 2971 838 3044; x_wconf 92' lang='lat' dir='ltr'>sub</span> <span class='ocrx_word' id='word_1_162' title='bbox 865 2972 937 3068; x_wconf 82' lang='lat' dir='ltr'>lege</span> <span class='ocrx_word' id='word_1_163' title='bbox 965 2973 1031 3044; x_wconf 92' lang='lat' dir='ltr'>tri-</span> 
     </span>
     <span class='ocr_line' id='line_1_26' title="bbox 64 3082 1032 3180; baseline 0 -27"><span class='ocrx_word' id='word_1_164' title='bbox 64 3082 188 3154; x_wconf 92' lang='lat' dir='ltr'>butum</span> <span class='ocrx_word' id='word_1_165' title='bbox 215 3085 369 3179; x_wconf 83' lang='lat' dir='ltr'>exigente</span> <span class='ocrx_word' id='word_1_166' title='bbox 395 3084 532 3172; x_wconf 89' lang='lat' dir='ltr'>cadunt,</span> <span class='ocrx_word' id='word_1_167' title='bbox 560 3111 697 3158; x_wconf 89' lang='lat' dir='ltr'>censum</span> <span class='ocrx_word' id='word_1_168' title='bbox 725 3084 860 3168; x_wconf 89' lang='lat' dir='ltr'>condat,</span> <span class='ocrx_word' id='word_1_169' title='bbox 891 3101 923 3156; x_wconf 90' lang='lat' dir='ltr'>et</span> <span class='ocrx_word' id='word_1_170' title='bbox 949 3083 1032 3180; x_wconf 83' lang='lat' dir='ltr'>legi-</span> 
     </span>
     <span class='ocr_line' id='line_1_27' title="bbox 66 3193 1033 3294; baseline 0 -29"><span class='ocrx_word' id='word_1_171' title='bbox 66 3193 172 3265; x_wconf 88' lang='lat' dir='ltr'>timae</span> <span class='ocrx_word' id='word_1_172' title='bbox 190 3195 376 3267; x_wconf 87' lang='lat' dir='ltr'>auctoritati</span> <span class='ocrx_word' id='word_1_173' title='bbox 392 3212 592 3294; x_wconf 88' lang='lat' dir='ltr'>praesentet,</span> <span class='ocrx_word' id='word_1_174' title='bbox 611 3223 630 3267; x_wconf 94' lang='lat' dir='ltr'>a</span> <span class='ocrx_word' id='word_1_175' title='bbox 645 3222 712 3292; x_wconf 90' lang='lat' dir='ltr'>qua</span> <span class='ocrx_word' id='word_1_176' title='bbox 728 3213 843 3294; x_wconf 88' lang='lat' dir='ltr'>postea</span> <span class='ocrx_word' id='word_1_177' title='bbox 857 3195 1033 3294; x_wconf 86' lang='lat' dir='ltr'>quodlibet</span> 
     </span>
     <span class='ocr_line' id='line_1_28' title="bbox 66 3304 1031 3378; baseline 0.001 -2"><span class='ocrx_word' id='word_1_178' title='bbox 66 3304 320 3376; x_wconf 89' lang='lat' dir='ltr'>communitatis</span> <span class='ocrx_word' id='word_1_179' title='bbox 347 3305 533 3378; x_wconf 88' lang='lat' dir='ltr'>membrum</span> <span class='ocrx_word' id='word_1_180' title='bbox 561 3305 748 3377; x_wconf 89' lang='lat' dir='ltr'>secundum</span> <span class='ocrx_word' id='word_1_181' title='bbox 776 3331 857 3377; x_wconf 91' lang='lat' dir='ltr'>suas</span> <span class='ocrx_word' id='word_1_182' title='bbox 873 3305 963 3377; x_wconf 87' lang='lat' dir='ltr'>vires</span> <span class='ocrx_word' id='word_1_183' title='bbox 980 3320 1031 3377; x_wconf 92' lang='lat' dir='ltr'>ta-</span> 
     </span>
     <span class='ocr_line' id='line_1_29' title="bbox 67 3415 1031 3514; baseline 0.003 -29"><span class='ocrx_word' id='word_1_184' title='bbox 67 3430 167 3486; x_wconf 85' lang='lat' dir='ltr'>xatur</span> <span class='ocrx_word' id='word_1_185' title='bbox 192 3429 357 3514; x_wconf 88' lang='lat' dir='ltr'>quantum</span> <span class='ocrx_word' id='word_1_186' title='bbox 385 3441 523 3489; x_wconf 86' lang='lat' dir='ltr'>neccsse</span> <span class='ocrx_word' id='word_1_187' title='bbox 550 3432 620 3502; x_wconf 90' lang='lat' dir='ltr'>est,</span> <span class='ocrx_word' id='word_1_188' title='bbox 650 3434 687 3488; x_wconf 91' lang='lat' dir='ltr'>ut</span> <span class='ocrx_word' id='word_1_189' title='bbox 719 3415 777 3487; x_wconf 88' lang='lat' dir='ltr'>illa</span> <span class='ocrx_word' id='word_1_190' title='bbox 811 3416 1031 3488; x_wconf 84' lang='lat' dir='ltr'>determinate</span> 
     </span>
     <span class='ocr_line' id='line_1_30' title="bbox 69 3523 1032 3627; baseline -0.001 -31"><span class='ocrx_word' id='word_1_191' title='bbox 69 3551 216 3611; x_wconf 89' lang='lat' dir='ltr'>summa,</span> <span class='ocrx_word' id='word_1_192' title='bbox 235 3551 323 3624; x_wconf 91' lang='lat' dir='ltr'>quae</span> <span class='ocrx_word' id='word_1_193' title='bbox 349 3523 392 3598; x_wconf 94' lang='lat' dir='ltr'>ab</span> <span class='ocrx_word' id='word_1_194' title='bbox 418 3527 493 3627; x_wconf 90' lang='lat' dir='ltr'>ipsa</span> <span class='ocrx_word' id='word_1_195' title='bbox 519 3527 757 3599; x_wconf 89' lang='lat' dir='ltr'>communitate</span> <span class='ocrx_word' id='word_1_196' title='bbox 774 3527 930 3622; x_wconf 82' lang='lat' dir='ltr'>exigitur,</span> <span class='ocrx_word' id='word_1_197' title='bbox 952 3551 1032 3598; x_wconf 91' lang='lat' dir='ltr'>con-</span> 
     </span>
     <span class='ocr_line' id='line_1_31' title="bbox 66 3634 1030 3737; baseline -0.003 -29"><span class='ocrx_word' id='word_1_198' title='bbox 66 3638 137 3733; x_wconf 80' lang='lat' dir='ltr'>geri</span> <span class='ocrx_word' id='word_1_199' title='bbox 167 3638 288 3735; x_wconf 86' lang='lat' dir='ltr'>possit.</span> <span class='ocrx_word' id='word_1_200' title='bbox 318 3637 405 3710; x_wconf 89' lang='lat' dir='ltr'>Hinc</span> <span class='ocrx_word' id='word_1_201' title='bbox 431 3638 460 3710; x_wconf 93' lang='lat' dir='ltr'>si</span> <span class='ocrx_word' id='word_1_202' title='bbox 488 3636 615 3737; x_wconf 90' lang='lat' dir='ltr'>aliquis</span> <span class='ocrx_word' id='word_1_203' title='bbox 641 3660 779 3710; x_wconf 88' lang='lat' dir='ltr'>censum</span> <span class='ocrx_word' id='word_1_204' title='bbox 808 3661 944 3709; x_wconf 90' lang='lat' dir='ltr'>suarum</span> <span class='ocrx_word' id='word_1_205' title='bbox 974 3634 1030 3705; x_wconf 86' lang='lat' dir='ltr'>l-</span> 
     </span>
    </p>
   </div>
   <div class='ocr_carea' id='block_1_5' title="bbox 0 0 1338 4430">
    <p class='ocr_par' dir='ltr' id='par_1_6' title="bbox 0 0 1338 4430">
     <span class='ocr_line' id='line_1_32' title="bbox 0 0 1338 4430; baseline 0 0"><span class='ocrx_word' id='word_1_206' title='bbox 0 0 1338 4430; x_wconf 95' lang='lat' dir='ltr'> </span> 
     </span>
    </p>
   </div>
  </div>
 </body>
</html>
