2640 4430
696 301 734 314 ..
756 269 799 334 ap
817 301 855 314 ..

296 402 371 451 rum
399 373 660 474 praeiudicium?
681 375 718 445 ln
744 400 813 472 qno
835 376 915 473 quis
936 392 1083 475 sequens
1101 393 1274 458 nostrum

298 486 498 558 sententiam
535 489 601 558 iam
631 502 741 585 potest
770 485 964 585 locupletari
999 513 1075 560 ‘cum
1109 489 1279 570 aliorum

296 597 455 673 iniuria?

368 709 480 796 Dices,
502 710 562 784 sed
589 709 701 809 plures
728 735 869 782 censum
895 735 1031 786 suoram
1055 710 1275 790 erutarum

297 820 495 916 scrupulose
519 819 719 906 conficiunt,
752 835 785 890 et
810 819 865 890 isti
896 819 962 892 iam
989 821 1099 917 magis
1134 848 1277 917 grava*

296 929 435 1012 buntur.
454 931 620 1016 Concedo,
639 929 699 1002 sed
718 955 785 1008 non
804 929 1031 1025 gravabuntur
1048 930 1093 1004 ob
1109 929 1276 1012 aliorum,

296 1045 515 1130 iniustitiam,
546 1044 605 1120 sed
632 1044 741 1118 solum
777 1044 859 1142 quia
886 1044 1067 1120 votuerunt
1089 1047 1267 1142 μεικτὴ

296 1158 439 1232 liberum
477 1159 565 1231 enim
597 1174 669 1230 erat
700 1175 732 1232 et
767 1146 852 1258 ipsis
885 1185 1023 1234 suarum
1056 1160 1269 1237 divitiarum

296 1300 463 1346 summam
482 1273 694 1345 imminutam
714 1273 856 1346 tradere.
875 1273 1050 1347 Caeterum
1067 1275 1148 1346 dum
1173 1277 1271 1349 iide-

295 1383 372 1456 liter
400 1383 488 1457 hona
521 1411 584 1456 sua
613 1382 806 1469 declarant,
839 1398 872 1456 et
897 1384 947 1456 sio
976 1385 1084 1481 magis
1110 1413 1150 1458 ex
1188 1414 1269 1460 una

295 1511 389 1590 parte
415 1508 615 1588 gravantur,
646 1519 686 1564 ex
715 1492 819 1568 altera
844 1519 922 1566 vero
948 1511 1055 1590 parte,
1078 1521 1147 1594 qua
1175 1521 1265 1570 eva-

295 1603 379 1676 dunt
406 1602 591 1698 perieulum
624 1601 804 1676 solvendae
836 1601 1004 1688 mulctae,
1038 1606 1266 1682 commodum

295 1717 462 1800 sentiunt;
492 1737 525 1786 et
549 1743 569 1788 a
596 1715 666 1812 pari
694 1714 753 1814 qui
779 1741 919 1788 censum
945 1742 1083 1790 suarum
1109 1717 1267 1794 faculta-

295 1842 365 1898 tum
393 1826 428 1898 in
446 1826 576 1898 minori
603 1851 670 1924 qua
696 1841 785 1898 esset
809 1825 996 1923 quantitate
1019 1843 1257 1922 praesentant,

294 1936 375 2011 dum
402 1963 441 2009 ex
467 1963 535 2010 uua
562 1952 655 2035 parte
674 1934 886 2008 commodum
913 1935 1073 2021 sentiunt,
1106 1963 1262 2032 gravan-

293 2066 349 2122 tur
372 2077 415 2124 ex
444 2050 511 2123 alia
542 2050 621 2122 dum
655 2047 803 2146 periculo
830 2073 867 2120 se
898 2065 1069 2146 exponunt
1098 2051 1191 2147 quod
1219 2055 1260 2127 in

293 2159 411 2232 fraude
429 2159 726 2259 deprehendantur
744 2175 776 2228 et
793 2157 997 2231 damnentur
1014 2157 1056 2228 ad
1076 2160 1253 2248 muletam;

293 2273 400 2345 etsie
427 2289 542 2370 posset
572 2271 713 2344 forsitan
744 2270 823 2352 diei,
845 2270 935 2367 quod
961 2269 1076 2368 aliquo
1095 2274 1198 2346 modo
1214 2275 1261 2352 fit

292 2384 540 2480 compensati03
570 2409 647 2457 uem
674 2397 710 2455 ut
735 2380 853 2458 dieunt
887 2379 993 2479 aliqui
1027 2382 1256 2480 (Roasselot)

292 2521 396 2592 saepe
422 2494 498 2592 plus
525 2494 654 2568 aerario
681 2490 815 2588 publico
841 2489 977 2564 obvenit
994 2516 1034 2563 ex
1054 2491 1190 2570 mulctis
1216 2497 1255 2569 in

290 2631 433 2703 poenam
467 2604 595 2678 fraudis
618 2603 756 2676 inflictis
774 2627 876 2700 quam
903 2602 931 2674 si
957 2602 1168 2682 adamussim
1197 2609 1257 2678 tri-

289 2714 373 2788 buta
399 2715 618 2790 solverentur.
638 2715 705 2786 Nee
728 2713 829 2786 etiam
854 2713 945 2797 dato,
979 2713 1069 2810 quod
1105 2716 1256 2794 mulctae

290 2852 356 2899 non
389 2843 624 2924 computentur
655 2825 688 2896 in
723 2824 923 2902 solutionem
954 2825 1069 2904 tributi
1103 2831 1198 2924 quod
1231 2859 1254 2908 a

289 2937 348 3009 tali
376 2939 548 3037 provincia
575 2937 709 3036 petitur,
731 2937 891 3036 quodque
916 2936 1057 3034 proinde
1077 2939 1193 3018 adhue
1209 2970 1253 3018 ex

289 3047 419 3143 integro
447 3047 646 3120 solvendum
669 3048 725 3132 sit,
747 3047 901 3142 neganda
926 3064 1016 3121 esset
1042 3047 1134 3125 diota
1159 3077 1253 3126 com-

287 3157 443 3254 pensatio
470 3157 664 3229 redundans
692 3156 725 3225 in
753 3155 899 3228 favorem
927 3156 1082 3244 illorum,
1113 3161 1172 3258 qui
1201 3163 1253 3236 in.

287 3282 379 3363 tegre
405 3267 565 3342 tributum
596 3269 726 3366 absque
747 3267 817 3340 ulla
844 3267 961 3346 fraudo
991 3269 1135 3346 solvunt.
1165 3274 1252 3352 Nam

289 3379 448 3475 quamvis
476 3379 579 3450 unius
606 3377 731 3452 mulcta
762 3376 910 3450 lueretur
938 3381 1119 3469 aerarium,
1145 3400 1178 3454 et
1198 3385 1252 3460 sio

288 3488 386 3562 oedat
416 3489 450 3562 in
476 3489 601 3563 bonurn
623 3490 774 3564 omnium
805 3489 1017 3562 subditorum
1050 3518 1114 3565 non
1143 3493 1252 3570 huius

287 3602 482 3698 provinciae
508 3617 660 3688 tantum,
694 3601 753 3678 sod
779 3602 882 3677 totius
914 3619 1042 3690 status,
1072 3605 1106 3680 id
1134 3622 1257 3705 tamon
