2640 4430
728 299 766 313 -
787 265 829 327 70
850 299 887 313 -

326 375 389 459 tia,
411 388 443 446 et
473 371 695 470 proptcrsshas
722 372 870 444 rationes
894 371 1026 444 absolui
1053 396 1119 444 non
1146 387 1284 471 possunt

217 506 221 512 ’
327 485 387 585 qui
422 484 513 558 omni
547 483 706 582 possibili
739 484 837 556 modo
872 483 974 554 etiam
1009 482 1205 558 incedentes
1236 509 1283 554 ar-

328 597 410 670 mati
423 594 713 668 defraudationem
734 593 933 667 tributorum
947 593 1040 667 velut
1051 595 1283 667 commercium

329 707 500 808 quoddam
527 722 692 792 exercent,
715 705 781 779 nisi
808 732 829 777 a
855 705 913 778 tali
938 699 1144 803 procedendi
1172 731 1283 778 norma

329 818 471 892 firmiter
500 817 657 891 recedere
686 818 895 916 promittant.

402 929 467 1002 Sed
497 956 540 1001 an
567 928 630 1003 iste
658 946 823 1015 teneatur,
844 944 878 1000 et
903 929 946 1001 de
972 927 1097 1001 tributo
1124 928 1215 1025 quod
1241 928 1285 999 sio

328 1042 480 1116 evasisse
502 1042 717 1139 supponitur,
738 1041 895 1139 quaestio
913 1040 970 1126 sit;
988 1039 1122 1112 Scavini
1144 1040 1281 1134 (nott.

329 1155 436 1247 nota),
457 1169 489 1224 et
516 1150 606 1252 Gury
627 1153 742 1246 (738.)
763 1150 931 1224 affirmant
961 1150 1060 1224 talem
1091 1149 1135 1222 de
1160 1175 1229 1248 quo
1254 1150 1285 1218 in
1310 1143 1311 1146 '

329 1289 412 1338 casu
437 1263 579 1359 obligari
599 1265 774 1336 restituere
798 1263 897 1336 etiam
926 1263 961 1333 in
980 1261 1130 1334 secunda
1157 1277 1285 1334 senten·

328 1375 389 1459 tia,
406 1402 484 1447 nam
501 1375 647 1461 etiamsi,
669 1375 840 1473 inquiunt,
858 1374 913 1447 lex
930 1400 1020 1473 quae
1037 1373 1165 1446 tributa
1182 1373 1284 1469 respi-

329 1485 375 1557 cit
400 1484 583 1583 aliquando
608 1501 645 1557 ut
663 1511 752 1558 mere
770 1486 922 1584 poenalis
951 1484 1142 1570 haberetur,
1160 1484 1285 1581 guber-

329 1597 505 1670 natoribus
537 1612 648 1669 tamen
680 1598 733 1670 ins
759 1614 886 1670 certum
914 1598 1032 1671 tribuit
1059 1597 1101 1670 ad
1130 1597 1283 1670 mulctam
1311 1599 1312 1614 *

330 1708 541 1804 exigendam,
564 1707 594 1780 si
622 1707 748 1781 subditi
775 1710 808 1780 in
841 1709 960 1782 fraude
978 1709 1283 1806 deprehendantur.

402 1819 467 1892 Sed
494 1837 610 1892 contra
643 1822 732 1893 hanc
769 1821 971 1894 sententiam
1002 1820 1134 1892 eteius
1161 1819 1286 1890 lunda-

329 1946 479 2003 mentum
504 1931 638 2004 uidetur
661 1957 781 2028 urgere
807 1931 890 2022 ratio
914 1929 1013 2003 valde
1041 1947 1183 2028 potens,
1214 1956 1285 2002 nam

329 2042 358 2113 si
389 2059 600 2140 supponatur
630 2043 720 2144 quod
751 2042 804 2113 lex
827 2041 1026 2113 tributorum
1053 2041 1097 2112 sit
1121 2039 1284 2137 poenalis,
1312 2077 1313 2110 ι

328 2167 360 2226 et
388 2154 478 2251 quod
507 2153 616 2226 solum
643 2153 768 2249 obliget
794 2152 837 2225 ad
869 2152 1028 2224 mulctam
1064 2168 1139 2249 post
1168 2151 1288 2224 iudicis

328 2264 543 2348 sententiam,
561 2264 614 2336 ins
628 2281 755 2336 certum
767 2289 834 2335 non
853 2264 959 2336 oritur
969 2265 1078 2337 eidem
1091 2263 1159 2358 legi
1179 2263 1286 2361 quoad

327 2372 453 2444 dictam
479 2372 637 2446 mulctam
669 2375 737 2446 nisi
766 2389 841 2472 post
867 2375 980 2446 datam
1008 2374 1226 2458 sententiam,
1255 2389 1289 2444 ut

327 2499 418 2556 tenet
436 2487 624 2560 communis
653 2486 886 2583 theologorum
904 2487 1033 2586 opinio,
1058 2490 1104 2580 (v.
1125 2485 1287 2558 Salmant.

328 2595 372 2668 de
389 2595 571 2694 Legibus);
601 2623 689 2695 quae
714 2597 782 2669 imo
813 2595 937 2668 iudicis
966 2597 1132 2669 sententia
1158 2595 1287 2668 etiamsi

326 2708 517 2780 mendaciis
536 2707 588 2780 uel
609 2709 731 2806 quavis
750 2709 817 2781 alia
836 2709 954 2782 lraude
972 2710 1194 2807 impediretur
1212 2734 1290 2781 non-

330 2817 411 2890 dum
438 2819 550 2892 adhuc
574 2820 718 2892 oriretur
743 2819 904 2916 obligatio
932 2821 1128 2895 restituendi
1148 2839 1187 2892 ut
1204 2845 1291 2892 con-

275 2987 280 3008 ,
327 2945 380 3004 tra
397 2931 483 3002 alios
501 2928 624 3001 docent
642 2931 777 3026 plurimi
797 2955 873 3002 oum
889 2935 922 3003 S.
934 2931 1119 3030 Alph.(lib.
1134 2935 1169 3003 3.
1188 2933 1288 3028 883.)

327 3039 453 3112 Sanch.
477 3039 550 3133 (lib.
574 3042 608 3110 3.
629 3039 743 3112 Deoal.
772 3066 802 3112 c.
830 3043 888 3112 33.
908 3043 983 3139 22.)
1007 3042 1124 3116 Lessio
1146 3041 1227 3136 (lib.
1254 3044 1289 3111 2.

328 3153 430 3224 att.
449 3153 551 3246 134.)
568 3153 660 3248 Lugo
680 3152 785 3250 (disp.
803 3154 861 3224 18.
878 3153 1091 3251 toaleam.
1111 3156 1290 3248 (tractlll.

327 3265 412 3336 ct.
429 3265 530 3358 tut.)
552 3263 691 3336 Lacroix
721 3264 828 3360 (83).

400 3373 494 3446 Haec
522 3389 634 3446 autem
662 3373 787 3448 mulcta
816 3401 856 3447 ex
881 3378 1033 3450 secunda
1054 3378 1225 3451 sententia
1241 3393 1294 3450 est

327 3501 396 3560 tota
425 3485 586 3582 obligatio
611 3513 714 3584 quam
735 3489 877 3586 imponit
902 3488 957 3560 lex'
972 3487 1186 3573 tributorum,
1211 3506 1245 3560 at
1264 3489 1293 3561 si

326 3616 473 3673 nonest
503 3598 664 3674 solvenda
696 3599 780 3672 baec
810 3600 935 3673 mulcta
965 3601 1030 3676 nisi
1058 3619 1137 3699 post
1166 3600 1295 3674 iudicis
