2640 4430
514 424 557 481 DE

334 611 742 700 onnronrronn

140 828 371 941 LEGIS
408 833 933 944 TRIBUTORUM

523 1083 555 1126 IN

406 1255 687 1315 CONSCIENTIA.

310 1793 437 1836 TRIBUTI
457 1793 550 1835 ΝΟΤῙΟ
572 1793 611 1835 ΕΤ
634 1793 759 1836 DIVISIO.

127 1944 258 2016 Tributi
278 1969 397 2016 nomen
417 1943 488 2029 alii,
512 1945 597 2018 inter
616 1971 702 2043 quos
720 1946 821 2018 Varro
840 1946 932 2044 apud
949 1947 1018 2020 Na-

50 2082 125 2130 rar.
147 2055 185 2127 C.
215 2056 419 2128 Fraternites
448 2058 505 2139 46,
530 2056 648 2128 dieunt
673 2083 692 2128 a
718 2056 873 2129 tribubus
901 2083 1018 2154 prove-

50 2169 139 2253 nire,
164 2193 204 2240 eo
230 2167 320 2265 quod
348 2194 388 2238 ea
417 2168 571 2264 pecunia,
594 2194 682 2266 quae
709 2168 835 2266 populo
853 2168 1017 2268 imperata

49 2295 135 2364 erat,
158 2277 311 2350 tributim
330 2305 350 2349 a
367 2279 514 2374 singulis
534 2280 749 2378 proportione
766 2305 889 2354 census
908 2275 1018 2352 solve-

48 2389 165 2474 batua
197 2387 253 2461 alii
280 2389 427 2461 derivari
453 2390 572 2464 dieunt
598 2417 617 2462 a
643 2390 746 2463 verbo
774 2391 893 2475 tribuo,
916 2407 953 2463 ut
970 2391 1018 2462 ait

49 2503 174 2574 Festus
201 2526 306 2598 penes
332 2501 486 2574 eumdem
513 2502 651 2584 Navae,
667 2519 700 2573 et
725 2518 816 2575 tenet
834 2501 1013 2600 Ulpianus,

49 2630 86 2685 et
104 2613 229 2684 Suarez
250 2611 307 2706 (de
325 2611 458 2709 legibus
477 2611 536 2684 lib.
552 2616 585 2682 5.
604 2638 633 2684 c.
653 2615 711 2684 13.
731 2616 797 2706 1.),
821 2613 854 2684 in
874 2639 1018 2710 quorum

49 2727 219 2796 sententia
245 2723 353 2796 tribus
381 2725 493 2822 potius
519 2751 539 2796 a
566 2723 690 2796 tributo
716 2741 806 2796 esset
832 2723 1015 2821 appellata.

47 2838 136 2908 Nam
164 2836 243 2933 quia
263 2835 386 2908 tributa
411 2835 630 2933 exigebantur
647 2862 666 2906 a
685 2835 829 2931 singulis
850 2833 1014 2933 partibus,

47 2949 86 3019 in
113 2973 202 3046 quas
230 2963 318 3020 lotus
347 2947 493 3047 populus
526 2948 760 3032 dividebatur,
791 2947 868 3022 ideo
903 2961 1017 3043 partes

49 3059 133 3131 illae
160 3057 280 3130 tribuo.
296 3076 376 3131 sunt
401 3059 606 3158 appellatae.
682 3124 685 3130 .

125 3168 301 3242 Tribulum
328 3173 511 3267 generatim
540 3187 713 3268 sumptum
740 3197 779 3242 ex
806 3171 927 3242 Navar.
958 3169 1016 3240 ait.

48 3298 165 3382 potest
189 3280 258 3354 dici
286 3282 453 3381 quidquid
481 3281 651 3368 tribuitur,
673 3299 706 3355 el
724 3299 840 3381 posset
858 3281 963 3354 dividi
984 3280 1018 3351 in

47 3391 228 3492 publicum
255 3410 288 3464 et
315 3395 480 3492 privatum
509 3410 607 3491 prout
633 3410 724 3466 esset
741 3393 939 3466 solvendum
960 3391 1020 3464 rei·

50 3503 226 3602 publicae,
247 3504 299 3576 rel
328 3504 472 3601 privato.
493 3503 602 3589 Quam
629 3505 819 3602 generalem
837 3503 954 3577 tributi
973 3501 1019 3574 si-

49 3597 321 3712 gnifioatiolrem,
339 3632 376 3688 ut
394 3615 659 3714 comprehendet
677 3617 844 3717 quidquid
864 3616 959 3688 alteri
978 3639 1019 3685 ex
