2640 4430
725 311 763 324 ..
785 281 825 340 68
846 313 883 326 ..

325 459 328 467 .
396 391 529 463 Limitat
559 389 728 460 Navarrus
759 389 892 482 (c.1*l.
921 387 1010 458 Man.
1030 386 1138 477 202.)
1169 401 1208 456 ut
1234 384 1286 455 ille

324 519 475 579 teneatur
503 499 545 573 ob
563 498 754 588 fraudatum
775 496 1132 569 tributumrestituere
1149 496 1205 568 cui
1227 522 1286 593 pn-

322 616 478 688 blicauus
505 610 612 683 desert
637 609 873 694 iuramentum,
894 623 951 680 aut
967 608 1042 680 eius
1060 607 1286 681 conscientiae

325 724 464 799 remittit
489 739 525 795 ut
554 723 728 796 veritatem
763 721 860 817 pretii
895 735 953 792 aut
988 720 1147 791 mercium
1185 744 1286 815 super

325 863 412 935 quas
438 835 529 908 cadit
555 833 715 905 tributum
743 832 967 932 quantitatem
986 830 1116 900 sincere
1141 831 1284 928 aperiat,

326 948 452 1047 quique
477 961 628 1018 econtra
646 945 804 1017 mentitur
826 960 858 1014 et
884 944 1044 1016 mercium
1063 942 1286 1042 quantitatem

324 1059 378 1133 vel
404 1056 601 1156 qualitatem
626 1054 678 1128 rel
709 1055 793 1154 quid
813 1056 936 1129 simile
962 1055 1085 1128 minuit
1112 1072 1149 1127 ut
1175 1056 1286 1126 minus

326 1170 434 1244 solvat
460 1169 634 1241 tributum.
665 1169 758 1241 Hauc
789 1167 1019 1240 limitationem
1047 1167 1205 1241 reiiciunt
1231 1165 1287 1237 alii

326 1283 477 1381 alioquin
505 1282 538 1351 in
564 1281 732 1378 principio
750 1280 864 1379 quoad
886 1296 1098 1380 praesentem
1116 1281 1288 1379 quaestio-

326 1420 401 1467 nem
418 1391 607 1489 rigidiores,
628 1391 717 1484 (vide
730 1407 763 1463 et
781 1417 885 1489 supra
903 1391 960 1462 ubi
980 1394 1162 1489 exponitur
1181 1393 1287 1489 prima
1315 1463 1316 1492 ,

325 1502 503 1585 sententia,
525 1500 662 1573 etillius
683 1500 932 1573 moderationes
958 1500 1207 1596 declarantur),
1230 1501 1287 1573 sed
1314 1499 1316 1514 ⁴

206 1632 214 1703 ζ
326 1615 450 1686 dictam
487 1611 719 1683 limitationem
751 1611 883 1684 videtur
915 1612 1007 1686 haud
1035 1639 1138 1712 posse
1175 1614 1286 1709 negari

325 1723 458 1822 quoties
485 1749 525 1794 ex
556 1721 823 1794 circumstantiis
842 1748 958 1793 verum
976 1738 1184 1797 contractum
1204 1723 1287 1796 iuter

326 1834 511 1908 debitorem
529 1832 693 1930 gabellae,
714 1851 747 1906 et
765 1850 951 1906 exactorem
970 1834 1062 1906 illins
1082 1835 1288 1907 intercedere

326 1944 507 2019 dicendum
530 1944 586 2030 sit,
609 1961 645 2016 ut
675 1971 780 2042 quum
808 1943 1013 2043 publicanus
1040 1971 1078 2018 se
1103 1945 1290 2041 obligasset

326 2057 362 2129 iu
388 2053 600 2128 commodum
622 2053 784 2128 debitoris
810 2055 852 2127 ad
882 2081 919 2126 se
945 2081 1010 2128 non
1039 2056 1288 2128 certiorandum

326 2167 413 2242 lacto
437 2166 524 2238 cirea
552 2165 714 2238 mercium
741 2191 774 2236 r.
797 2189 847 2260 gr.
870 2165 1089 2262 quantitatem
1116 2165 1170 2238 vel
1198 2194 1289 2264 qua-

326 2277 454 2348 litatem
480 2275 566 2373 quas¹
591 2274 649 2346 ille
673 2274 793 2359 dclcrt,
816 2293 852 2348 ut
877 2275 973 2347 illum
1003 2303 1056 2348 ex.
1076 2303 1127 2372 gr.
1149 2277 1289 2375 expedi-

326 2387 444 2459 tiorem
471 2384 641 2483 relinquat
667 2385 708 2456 ad
738 2385 918 2456 transitum
941 2385 994 2458 vel
1021 2413 1063 2458 ne
1093 2386 1178 2459 sorte
1198 2415 1291 2486 prae·

313 2497 493 2573 ‘iudicium
511 2496 633 2570 iisdem
650 2496 820 2570 mercibus
839 2498 1012 2594 contingat
1028 2498 1121 2596 quod
1145 2502 1293 2572 maxime

326 2627 419 2709 optat
446 2610 640 2684 huiusmodi
668 2610 811 2695 debitor,
828 2610 888 2708 qui
906 2636 946 2704 eu
965 2627 1058 2708 parte
1077 2637 1139 2684 sua
1159 2614 1292 2686 sincere
1317 2641 1318 2646 ¹

326 2720 503 2819 promittit,
524 2737 556 2793 et
581 2747 619 2794 se
645 2720 771 2817 obligat
797 2721 960 2816 integram
985 2721 1160 2794 veritatem
1187 2742 1293 2821 pate-

327 2833 449 2920 facere,
472 2833 532 2905 sed
559 2833 623 2906 iste
649 2859 763 2920 casus,
793 2851 830 2906 ut
853 2832 1008 2918 videtur,
1039 2849 1091 2906 est
1116 2860 1291 2932 perrarus.

327 2943 474 3040 Excepto
499 2968 578 3030 vero
604 2943 668 3016 hoc
692 2969 776 3015 oasa
801 2958 1005 3028 contractus,
1028 2969 1138 3044 neque
1165 2946 1232 3017 erit
1258 2948 1294 3016 in

327 3050 393 3122 hae
429 3051 594 3124 sententia
627 3052 789 3149 obligatio
823 3053 1022 3125 restituendi
1053 3071 1131 3127 ante
1164 3055 1294 3130 iudicis

326 3159 528 3232 sententiam
546 3161 678 3235 etiamsi
706 3188 766 3260 per
793 3155 986 3261 periurium
997 3164 1077 3261 quis
1095 3164 1222 3237 evadat
1238 3167 1296 3237 tri·

324 3270 399 3342 buti
427 3269 651 3361 solutionem,
682 3273 838 3372 quamvis
865 3273 1150 3370 gravissimehic
1178 3295 1297 3373 peccet

324 3382 458 3455 ratione
485 3384 621 3480 periurii
640 3384 691 3456 vel
711 3410 751 3456 cx
770 3382 847 3455 aliis
865 3382 1048 3481 capitibus,
1066 3400 1184 3457 contra
1203 3412 1295 3484 quae

323 3494 489 3568 ollendat.

402 3605 548 3678 lnlertnr
574 3631 594 3680 a
619 3605 747 3680 fortiori
773 3605 850 3682 illos
877 3608 1028 3685 excusari
1048 3635 1068 3682 a
1085 3623 1225 3708 peccato
1241 3611 1299 3682 in-
