2650 4426
453 341 491 354 ..
512 311 553 373 59
573 342 611 355 ..

39 419 210 491 fraudant
235 416 370 504 tributa,
391 416 443 490 vel
470 417 587 490 saltem
616 407 952 518 fraudareeuperent
978 423 1008 493 si

43 545 206 629 possent.
309 538 317 554 ’

124 642 225 714 Hunc
252 639 387 712 modum
415 642 580 714 mitiorem
607 642 774 715 condendi
800 643 891 741 leges
913 645 1012 718 valde

42 750 266 824 commendat
283 751 451 824 Navarrus
473 753 576 844 (Man.
592 778 622 824 o.
642 755 700 835 23,
720 755 795 848 62.)
817 771 850 826 et
868 780 935 827 non
953 755 1012 826 im-

43 865 174 937 merito
199 860 337 960 quando
369 877 467 960 prout
492 863 524 932 in
552 888 633 935 casu
662 878 770 961 potest
795 865 846 936 sio
867 865 1014 938 obtineri·

43 976 142 1048 idem
170 974 280 1046 bonus
309 972 400 1060 finis,
421 975 504 1071 quin
532 973 598 1046 alia
629 976 831 1071 gravissima
861 974 1007 1062 damna,

44 1086 82 1156 id
104 1101 158 1158 est
176 1083 387 1156 subditorum
406 1083 517 1183 culpa,
540 1101 737 1183 sequantur,
751 1112 838 1183 quae
860 1084 1011 1184 alioquin

45 1196 191 1270 omnino
214 1210 433 1293 sequerentur
459 1195 488 1267 si
516 1195 666 1291 rigidiori
687 1196 784 1268 modo
810 1196 862 1268 lex
886 1197 1013 1270 conde-

45 1323 157 1379 retur.
183 1307 279 1392 Quae
304 1306 388 1378 ratio
414 1305 499 1378 adeo
523 1307 641 1379 efficax
665 1307 740 1378 visa
765 1323 818 1378 est
845 1307 1013 1380 Eminen-

47 1417 190 1490 tissimo
212 1418 303 1512 Lugo
319 1415 425 1513 (di),
446 1417 564 1488 utiam
583 1417 786 1502 notavimus,
808 1433 845 1488 ut
863 1417 1015 1489 absolute

45 1529 229 1603 tradiderit
254 1529 344 1627 quod
374 1531 482 1627 posito
498 1550 548 1602 ‘ex
576 1558 643 1602 una
670 1548 764 1628 parte
780 1530 871 1629 quod
890 1530 932 1601 ad
953 1557 1014 1627 pu-

45 1640 162 1713 blicas
197 1639 415 1713 necessitates
447 1641 594 1715 sufficiat
623 1640 681 1712 illa
706 1643 877 1739 quantitas
909 1641 1015 1713 tribu-

49 1769 177 1837 torum,
199 1778 285 1850 quae
313 1769 421 1847 potest
447 1751 559 1847 colligi
588 1777 647 1850 per
676 1751 782 1847 legem
813 1778 896 1850 pure
928 1779 1014 1850 poe-

49 1862 178 1947 nalem,
199 1878 232 1932 et
249 1876 374 1932 attenta
395 1887 435 1932 en
461 1861 528 1934 alia
555 1878 648 1958 parto
668 1861 924 1946 consuetudine,
947 1888 1015 1959 qua

50 1993 90 2048 ut
119 2001 202 2072 pure
233 1975 390 2072 poenales
417 1975 677 2076 apprehendunt
706 1975 859 2046 homines
887 1975 1015 2047 huius·-

52 2086 148 2159 modi
175 2086 278 2182 deges,
300 2104 333 2158 et
359 2088 559 2160 certitudine
576 2087 676 2158 etiam
695 2085 902 2157 antecedenti
922 2087 1013 2184 quod

49 2201 107 2273 lex
134 2201 201 2272 alio
228 2227 331 2273 sensu
357 2229 422 2274 non
449 2200 696 2285 observabitur,
717 2199 770 2272 lex
792 2198 850 2270 itta
868 2200 897 2271 si
916 2199 1017 2271 veliet

51 2313 207 2409 obligare
233 2312 358 2385 directe
384 2315 417 2385 in
445 2313 650 2386 conscientia
672 2311 715 2382 ad
743 2311 855 2382 tributi
876 2311 1016 2384 solutio-

52 2451 155 2508 nem,
190 2449 256 2496 non
280 2423 419 2496 serviret
445 2424 511 2495 nisi
541 2422 583 2494 ad
613 2421 847 2520 illaqueandas
883 2422 1015 2494 animas

54 2534 267 2608 subditorum
293 2535 529 2618 sine'iructu‚
560 2550 593 2606 et
630 2561 688 2632 per
713 2560 924 2632 consequens
951 2537 1016 2604 iam

53 2672 96 2717 ex
122 2645 187 2717 hoo
208 2646 317 2742 capite
341 2661 432 2718 esset
459 2643 591 2716 inutilis
617 2661 651 2714 et
677 2644 837 2715 invalida.

129 2756 196 2827 Nec
220 2756 320 2826 etiam
341 2755 473 2826 tertium
492 2754 760 2825 adversariorum
780 2767 1015 2850 argumentum

54 2889 120 2936 nos
146 2865 235 2960 cogit
265 2866 419 2936 recedere
444 2891 465 2935 a
490 2878 603 2935 nostra
638 2862 824 2946 sententia;
855 2863 1017 2932 sistamus

56 2977 206 3048 nuncin
233 2977 307 3049 eius
335 2977 443 3075 prima
471 2993 576 3074 parte.
598 2976 641 3045 Et
667 2975 803 3072 quidem
831 2973 859 3044 si
887 2971 1017 3042 dicere-

56 3113 134 3158 mus
160 3087 232 3173 uni‚
254 3086 367 3186 ipsum
394 3113 460 3160 non
488 3086 590 3158 teneri
616 3087 651 3155 in
669 3083 878 3157 conscientia
895 3083 1021 3155 tributa

53 3196 209 3283 solvere,
238 3214 271 3269 et
297 3197 392 3268 alteri
419 3197 608 3269 diceremus
646 3195 770 3279 teneri,
811 3193 926 3292 utique
959 3194 1022 3264 iste

55 3307 113 3379 eui
141 3305 329 3379 diceremus
356 3307 475 3391 teneri,
499 3322 613 3402 posset
640 3306 726 3376 iuste
744 3330 780 3376 se
798 3302 959 3402 conqueri
978 3302 1022 3373 da

57 3419 267 3514 gravamine,
289 3417 382 3514 quod
409 3417 475 3516 ipsi
505 3416 670 3487 redundat
694 3442 735 3487 ex
760 3414 904 3487 aliorum
930 3414 1021 3485 irau-

59 3528 116 3615 de;
146 3528 205 3600 sed
236 3529 265 3600 si
300 3528 457 3600 omnibus
486 3527 574 3599 idem
601 3530 654 3600 ius
679 3527 837 3613 iacimus,
860 3525 944 3624 quid
971 3541 1026 3596 est

60 3639 152 3740 quod
179 3642 213 3712 in
240 3658 355 3717 nostra
384 3639 550 3714 sententia
573 3655 681 3713 vertat
699 3639 734 3710 in
763 3639 924 3712 iniustum
943 3633 1029 3728 alio-
