2640 4430
714 316 872 375 ..64-

191 463 198 480 ·
315 420 372 517 qui
399 417 590 502 duodecim,
612 419 669 519 qui
696 419 817 515 viginti
835 417 964 490 solvero
982 416 1201 502 debuissent,
1224 419 1283 516 qui
1306 499 1307 506 χ

315 531 446 628 pariter¹
464 545 628 627 quaerent
654 528 790 600 modum
817 527 968 601 solvendi
996 527 1077 625 quid
1096 527 1237 614 minus,
1256 545 1286 599 et
1306 529 1307 534 ’

315 665 453 712 censum
472 664 608 712 suarum
627 637 822 710 facultatum
836 655 869 711 et
883 638 949 736 ipsi
968 636 1159 711 diminuent
1172 665 1287 736 quan-

315 765 383 820 tum
412 766 566 846 possunt.
588 747 685 832 Quod
705 747 732 818 si
755 773 920 845 ponamus
938 774 1055 822 omnes
1075 750 1159 822 istos
1182 750 1283 821 illam

316 859 478 932 bonorum
513 885 652 932 suorum
686 858 946 933 declarationem
982 860 1025 933 ad
1061 860 1309 950 medietatem,

317 995 466 1042 resecare
493 969 575 1067 quid
603 968 737 1040 tandem
764 968 951 1064 contingit?
979 971 1019 1042 Et
1044 969 1100 1042 ille
1126 971 1188 1068 qui
1211 972 1309 1044 sol?

316 1109 393 1154 vere
418 1082 592 1154 debuisset
622 1080 740 1176 viginti
760 1081 789 1152 si
811 1097 914 1154 totum
944 1083 1154 1180 aperuisset,
1190 1083 1284 1154 nibi-

315 1193 462 1265 lominus
492 1192 598 1266 solvet
614 1191 747 1288 viginti,
766 1191 876 1289 etqui
896 1192 1025 1265 solvere
1043 1207 1175 1264 tantum
1195 1221 1283 1292 qua·

316 1321 402 1388 tuor,
431 1322 575 1403 quatuor
600 1302 719 1383 solvet,
750 1329 810 1374 nec
837 1301 913 1400 plus
941 1329 1002 1376 neo
1030 1303 1162 1388 minus,
1197 1310 1283 1403 quia

315 1441 382 1514 quo
415 1414 487 1488 loco
522 1415 656 1514 publiea
693 1429 841 1511 potestas
875 1429 1023 1486 taxasset
1056 1417 1282 1512 proportione

314 1551 348 1598 v.
369 1551 404 1621 g.
434 1525 537 1597 unius
572 1550 675 1621 super
702 1523 881 1621 quodlibet
910 1540 1044 1596 eentum
1077 1524 1281 1598 facultatum
1309 1519 1310 1522 ¹

314 1637 541 1722 subditorum,
564 1637 629 1708 iam
658 1652 747 1708 taxet
774 1637 988 1735 proportione
1012 1637 1172 1710 duorum.

389 1747 556 1846 Equidem
584 1773 644 1819 nos
674 1747 852 1843 posuimus
881 1749 972 1846 quod
1002 1775 1120 1822 omnes
1148 1751 1280 1824 medie

316 1874 415 1930 tatem
443 1874 570 1930 tautum
601 1855 766 1930 bonorum
796 1884 935 1931 suorum
959 1859 1153 1945 dederent,
1185 1863 1279 1960 quod

316 1970 530 2070 suppositum
561 1968 718 2043 absolute
751 1969 921 2070 loquendo
947 1990 999 2044 est
1033 1972 1277 2070 arbitrarium,

315 2081 376 2154 sed
401 2081 533 2155 videtur
562 2080 660 2154 valde
692 2079 865 2179 probabile
890 2081 1064 2154 moraliter
1086 2081 1276 2182 loquendo;
1310 2109 1311 2144 1

316 2210 350 2268 at
375 2195 404 2265 si
431 2218 497 2265 non
515 2208 626 2289 potest
642 2193 710 2266 dici
729 2193 856 2266 dietum
875 2193 1117 2268 inconvenieus
1135 2199 1278 2271 omnino

316 2329 515 2376 evanescere
529 2303 564 2372 in
577 2320 693 2376 nostra
709 2308 887 2391 sententia,
900 2305 1018 2378 saltem
1027 2306 1172 2380 'videtur
1185 2309 1279 2408 quod

315 2413 379 2484 erit
403 2411 501 2484 valde
526 2411 699 2507 exiguum,
719 2413 801 2484 dum
828 2439 847 2484 o
871 2430 986 2486 eontra
1011 2415 1109 2488 valde
1127 2417 1278 2490 notabile

315 2521 448 2594 ridetur
477 2521 574 2620 sequi
604 2548 645 2593 ex
673 2522 831 2621 opposita
856 2524 1034 2596 sententia.

389 2634 476 2706 Hinc
501 2633 653 2708 admisso
678 2635 769 2733 quod
797 2633 894 2708 nobis
917 2653 1097 2734 opponunt
1116 2638 1278 2714 adversu-
1311 2685 1312 2698 ÷

316 2749 371 2833 rii,
392 2749 575 2822 dicendum
596 2751 716 2824 merito
743 2776 843 2850 posse
861 2749 1015 2838 concludi
1035 2751 1143 2848 legem
1163 2751 1280 2850 potius

315 2859 465 2936 voluisse
494 2863 646 2960 obligare
669 2876 799 2935 tantum
825 2886 865 2934 eo
900 2861 1000 2936 modo
1027 2888 1096 2961 quo
1125 2862 1199 2935 vult
1221 2888 1280 2936 se

315 2973 427 3046 ou'oda
444 2976 624 3060 sententia,
640 3001 683 3046 ne
701 2973 777 3046 ideo
795 2986 993 3070 sequeretur
1006 2972 1275 3060 incommodum,

315 3083 407 3180 quod
423 3083 612 3158 &versarii
632 3083 885 3182 pertimescunt.
896 3081 1034 3170 Saltem,
1051 3098 1088 3156 ut
1106 3083 1275 3172 diximus,

315 3191 405 3266 hanc
430 3194 664 3291 quaestionem
687 3192 778 3268 cirea
803 3192 929 3268 factum
956 3194 1090 3268 firmant
1115 3209 1165 3268 tot
1180 3217 1279 3290 argu·

313 3305 571 3380 mentaanobis
591 3305 697 3380 relata
715 3321 784 3378 tum
805 3307 841 3377 in
864 3303 1120 3403 probationibus
1139 3324 1279 3378 nostrae

314 3418 512 3506 sententiae,
525 3433 596 3492 turn
605 3419 641 3491 in
656 3416 937 3518 responsionibus
949 3417 993 3490 ad
1004 3417 1278 3492 aduersariorum

314 3525 521 3618 rationeaet
534 3543 650 3604 contra
668 3526 727 3602 illa
745 3541 862 3602 nemra
877 3526 1099 3603 fundamenta
1115 3527 1163 3602 nil
1181 3527 1279 3604 eriu-

314 3636 360 3712 cit
376 3637 645 3714 adversariorum
666 3638 771 3730 ratio,
798 3663 903 3738 quam
920 3637 1159 3742 supendimus,
1179 3665 1276 3738 ergo.
