2640 4430
420 333 458 345 -
480 300 517 360 51
540 333 578 345 ..

23 422 167 506 ponunt,
197 423 229 480 et
255 407 288 476 in
316 431 417 478 sensu
446 405 616 478 secundae
653 409 838 481 sententiae
863 409 981 483 dicunt

23 514 323 592 suisse'Bononiac
349 516 500 590 decisum
527 532 626 616 prout
652 534 792 592 testatur
816 521 895 593 Beia
922 549 980 620 pe-

24 656 80 702 nes
107 628 295 700 Duardum.
332 628 505 700 Caeterum
543 629 732 726 propositio
766 647 864 728 prout
893 633 980 705 iacet

24 741 202 811 damnatur
214 754 246 810 et
259 737 302 809 ab
314 737 383 809 ΑΑ.
398 738 569 810 secundae
586 741 831 832 sententiaaet
843 741 980 814 damna-

23 867 74 921 tur
99 850 237 949 quidem
265 865 301 921 ut
322 847 500 934 seditiosa,
522 866 554 920 et
579 849 784 948 apostolicae
808 852 980 928 doctrinae

25 960 269 1046 contradicens,
292 974 390 1057 prout
415 959 574 1030 damnata
599 960 721 1033 dicitur
747 989 767 1034 a
792 962 889 1036 Claro
907 965 982 1038 Gal·

24 1074 147 1158 licano,
168 1086 201 1142 et
227 1071 359 1142 videtur
384 1070 475 1168 quod
503 1087 641 1167 possent
658 1088 691 1143 et
709 1073 795 1146 aliae
813 1092 910 1148 notae
928 1076 978 1149 illi

26 1185 125 1270 inuri,
158 1181 270 1254 nullus
296 1181 437 1254 enimin
458 1198 570 1254 nostra
589 1184 755 1254 sententia
773 1184 866 1270 dicit,
887 1187 979 1284 quod

28 1293 180 1367 «subditi
197 1309 339 1392 possunt
352 1292 442 1364 iusta
454 1291 579 1363 tributa
594 1318 658 1364 non
675 1293 841 1386 solvere.»
853 1295 980 1371 Omnes

25 1406 169 1478 dicimus
197 1403 320 1476 tributa
347 1403 437 1475 iusta
463 1429 539 1474 esse
566 1403 727 1475 solvenda
746 1421 883 1504 propter
901 1433 982 1480 oon·

25 1517 214 1601 scientiam,
235 1514 293 1587 sed
320 1513 477 1586 addimus
504 1514 550 1599 id,
573 1515 662 1612 quod
691 1514 804 1588 nullus
832 1518 978 1613 negabit,

24 1628 186 1714 solvenda
212 1653 251 1698 ea
276 1625 482 1722 obligatione
508 1642 539 1696 et
566 1625 676 1712 modo,
699 1652 799 1724 quem
827 1627 880 1699 lex
906 1629 983 1727 ipsa

25 1741 194 1824 decernat;
225 1736 284 1809 sed
311 1762 354 1808 an
380 1736 505 1832 obliget
523 1735 576 1808 lex
595 1754 693 1834 prout
711 1737 782 1809 vult
799 1738 906 1838 prima
925 1756 983 1812 aut

25 1850 175 1924 secunda
201 1849 378 1934 sententia,
401 1873 467 1920 non
496 1863 604 1945 potest
629 1847 724 1944 argui
752 1875 792 1920 ox
819 1851 983 1948 proposi-

26 1965 116 2036 tione
150 1961 308 2034 damnata
344 1958 485 2031 aClero
512 1957 703 2044 Gallicano,
735 1959 815 2056 quia
851 1960 893 2030 de
918 1961 984 2032 hoc

25 2101 96 2146 non
123 2087 172 2144 cst
196 2070 332 2144 verbum
361 2069 394 2139 in
422 2067 492 2154 illa;
521 2094 600 2164 ergo
626 2068 683 2140 illa
702 2069 748 2140 nil
767 2069 887 2169 probat
903 2096 983 2142 con-

24 2201 78 2256 tra
106 2210 178 2270 nos,
199 2198 233 2254 et
258 2180 303 2251 nil
332 2179 451 2279 probat
476 2205 537 2278 pro
563 2179 671 2277 prima
698 2181 875 2252 sententia.

98 2294 150 2366 Ad
178 2293 323 2391 primum
350 2317 421 2387 arg.
445 2317 483 2363 ex
510 2291 639 2362 ratione
664 2290 876 2388 desumptum
904 2316 986 2363 con·

26 2407 179 2480 cedimus
208 2403 329 2476 tributa
356 2401 470 2474 deberi
497 2403 570 2473 iure
596 2418 748 2487 naturae,
770 2402 829 2474 sed
858 2428 922 2474 non
942 2401 985 2474 ob

26 2520 91 2593 hoo
119 2517 272 2617 sequitur
297 2514 387 2613 quod
419 2513 605 2588 debeantur
630 2538 669 2586 eo
695 2514 796 2585 modo
821 2539 889 2610 qao
914 2513 987 2583 vult

26 2633 137 2731 prima
164 2628 341 2714 sententia,
363 2652 440 2697 nam
468 2640 579 2723 potest
604 2623 687 2696 satis
706 2624 778 2695 [ieri
796 2622 908 2695 debito
925 2649 987 2694 na-

26 2760 124 2816 turae
149 2739 213 2814 etsi
239 2737 347 2811 solum
383 2761 549 2834 ponamus
579 2758 622 2806 eo
648 2732 748 2805 modo
773 2732 887 2804 deberi
918 2757 986 2830 quo

26 2851 203 2929 contendit
234 2847 384 2922 secunda
419 2845 597 2918 sententia.
631 2845 715 2916 Nam
749 2842 849 2917 etiam
876 2842 988 2941 posito

26 2965 121 3067 quod
148 2963 199 3034 lex
226 2960 350 3033 tributa
368 2956 552 3056 dequibus
570 2971 622 3029 est
638 2955 793 3054 quaestio
810 2955 988 3053 imponens

26 3106 96 3152 non
125 3074 252 3170 obliget
278 3071 311 3142 in
338 3067 547 3143 conscientia
571 3061 614 3139 ad
634 3066 767 3139 illorum
787 3064 989 3138 solutionem

25 3189 97 3264 nisi
120 3201 197 3286 post
213 3181 337 3256 iudicis
355 3179 565 3265 sententiam,
587 3204 653 3251 non
672 3178 752 3251 inde
769 3177 880 3252 reniet
897 3176 990 3275 quod

27 3296 227 3376 necessaria
252 3292 407 3366 subsidia
433 3290 475 3363 ad
501 3290 627 3365 bonum
654 3289 824 3364 societatis
845 3289 990 3362 deficere

29 3413 191 3502 debeant,
207 3430 300 3506 -quae
326 3417 416 3475 esset
441 3416 509 3475 tota
528 3401 610 3474 ratio
628 3425 688 3474 cur
704 3399 830 3473 tributa
846 3399 992 3472 debean·
1060 3395 1062 3400 ’

26 3541 85 3600 tur
112 3523 186 3594 iuro
211 3531 363 3590 naturae.
381 3513 497 3585 Nonne
522 3527 574 3585 est
598 3510 764 3609 generalis
790 3510 991 3610 opinionon

24 3635 146 3712 solum
172 3629 207 3705 in
234 3624 353 3723 Gallia,
374 3638 412 3695 ut
435 3621 521 3697 dicit
546 3621 701 3713 Gousset,
723 3603 796 3702 iod.
817 3636 855 3696 ut
872 3618 991 3700 saltem

855 3731 872 3765 ti
