2640 4430
443 289 601 346 „17-

486 435 511 498 S.
531 432 558 487 3.
616 485 618 490 .

112 561 150 603 ott
164 559 327 602 numerata
341 557 430 602 alters
444 557 699 600 remanendum
713 556 928 602 CONSOIENTM.
1000 546 1003 550 ⁸

234 677 348 747 Status
374 675 573 774 quaestiouis'
600 673 802 747 declaratur.

118 843 169 914 Aa
195 841 320 915 tributa
345 840 532 916 debeantur
557 843 594 912 in
619 841 826 915 conscientia
851 844 899 918 ita
921 862 958 920 ut
974 847 1005 920 ai

41 951 171 1051 aliquis
191 950 250 1024 illa
277 951 482 1025 fraudaverit
499 969 614 1050 peoeet
640 968 673 1025 et
697 970 851 1028 teneatur
880 953 923 1027 ad
951 984 1006 1030 re-

43 1061 283 1136 stitutionem?

119 1173 161 1245 Ut
185 1170 325 1246 evidens
351 1189 403 1245 est
419 1173 574 1271 quaestio
601 1173 766 1273 supponit
788 1173 912 1248 tributa
929 1201 1006 1250 esee

46 1285 134 1356 iuste
161 1283 334 1382 imposita,
356 1283 385 1355 si
407 1283 498 1354 enim
524 1283 642 1385 aliqua
661 1284 820 1360 deficeret
846 1313 887 1359 ex
916 1312 1005 1359 con-

45 1392 245 1480 ditionibuS,
268 1419 355 1493 quas
382 1393 531 1466 diximus
555 1395 598 1466 ad
627 1421 742 1469 eorum
770 1387 934 1469 iustitiam
953 1422 1006 1470 re-

40 1507 148 1606 quiri,
168 1522 281 1579 actum
303 1523 394 1598 aspet
420 1505 462 1578 de
485 1505 691 1602 obligatione
719 1506 777 1579 illa
796 1506 947 1580 solvendi
965 1535 1007 1581 ex

45 1617 176 1714 integro
201 1615 254 1688 vel
278 1617 390 1715 quoad
417 1634 560 1716 partem,
584 1635 684 1715 prout
711 1644 752 1690 ex
781 1633 861 1706 toto,
883 1617 935 1692 vel
965 1644 1005 1692 ax

46 1743 141 1824 parte
166 1741 294 1798 tantum
325 1741 440 1798 essent
469 1727 608 1800 iniusta.

119 1837 282 1923 Quamvis
308 1838 410 1910 etiam
436 1837 561 1911 tributa
588 1838 766 1912 manifeste
793 1838 920 1912 iniusta
938 1840 1023 1912 lere.

44 1975 180 2048 semper
205 1966 303 2022 erunt
328 1948 364 2020 in
397 1949 605 2022 conscientia
627 1948 803 2035 solvenda,
825 1974 901 2020 eum
935 1949 1007 2022 exi-

45 2077 186 2158 guntur,
204 2075 341 2158 propter
359 2057 510 2158 aliquam
528 2059 767 2156 obligationem
789 2058 1003 2144 indirectam,

43 2169 228 2270 quaesere
258 2195 392 2266 semper
418 2168 539 2256 aderit,
569 2185 606 2241 ut
638 2169 765 2267 optime
791 2168 838 2241 ait
862 2168 1007 2240 Antoine

42 2282 87 2353 de
113 2279 244 2352 iustitia
270 2294 302 2352 et
324 2279 397 2351 iure
425 2281 468 2374 (e.
492 2282 526 2350 b.
542 2279 684 2377 §.lm
708 2305 750 2351 ne
777 2277 906 2350 scilieet
931 2303 1009 2350 ena·

40 2410 184 2478 reantur
209 2389 346 2489 publiea
373 2388 547 2478 seandala,
569 2405 602 2462 et
631 2389 769 2489 publica
801 2387 1007 2488 perturbatio

39 2530 121 2576 oum
148 2501 243 2599 gravi
263 2498 399 2598 publico
416 2499 555 2586 damno,
572 2497 615 2572 ob
633 2521 894 2627 quamuffiusam
912 2497 1007 2597 quis-

40 2641 113 2716 que
135 2613 200 2686 iuri
225 2637 287 2685 suo
314 2610 433 2684 cedere
456 2610 568 2696 debat,
592 2609 705 2684 sedin
724 2607 926 2682 casulioite
951 2633 1008 2680 oo-

38 2726 136 2800 culte
153 2724 282 2808 ¹saltem
309 2722 558 2795 fraudarentur.

119 2836 172 2908 ad
190 2835 425 2935 quaestionem
447 2833 563 2929 igitur,
584 2849 617 2906 et
634 2829 746 2930 quoad
765 2827 1006 2925 obligationem

39 2949 222 3032 directam,
243 2944 277 3015 vi
304 2943 434 3018 scilieet
450 2941 537 3038 legis
555 2941 665 3041 ipsius
689 2939 814 3012 tributa
832 2939 1009 3036 imponen-

39 3061 100 3146 tis,
124 3056 185 3130 illa
210 3053 362 3130 solvendi
392 3054 427 3124 in
448 3049 860 3150 conscientia-quaedam
881 3073 1009 3146 suppo·

35 3168 162 3244 nenda
180 3163 473 3265 et.praenotanda;
495 3180 528 3237 et
541 3166 590 3234 1⁰.
608 3188 765 3262 suppono
780 3158 1009 3259 aliquomodo

39 3282 157 3378 legem
175 3277 338 3352 tributum
356 3276 484 3350 iustum
503 3275 732 3374 imponentem
751 3271 857 3370 ligare
875 3271 910 3346 in
928 3296 1009 3348 eon-

39 3391 192 3470 scientia
207 3388 364 3482 qubditos
377 3385 540 3486 aquibus
559 3385 720 3480 tributum
740 3384 876 3484 petitur,
894 3382 1012 3456 euius·

36 3531 114 3604 que
142 3503 280 3596 tandem
310 3501 444 3598 generis
476 3499 522 3574 sit
546 3497 709 3592 tributum
725 3496 812 3595 ¹siue
845 3495 1014 3595 directum

38 3615 133 3704 eiua¹
150 3613 367 3715 ipdireetum.

910 3715 933 3778 2
984 3697 988 3706 .
