2640 4430
425 327 462 342 ..
483 295 524 356 65
545 327 582 340 ..

95 397 171 468 Non
195 396 328 468 videtur
352 425 431 472 uero
457 401 575 473 inutile
593 403 872 492 animadvertere,
891 409 982 506 quod

22 509 55 577 in
74 533 160 579 casu
187 507 229 580 de
257 534 324 606 quo
347 536 457 609 usque
475 539 576 599 nunc,
599 514 634 583 in
659 541 726 612 quo
747 517 875 592 scilicet
895 535 987 592 taxa*-

21 635 73 688 tur
92 618 318 690 communitas
337 645 396 718 pro
415 640 504 694 certa
523 650 655 696 summa
673 626 708 694 in
728 625 881 722 singulas
895 654 987 702 com-

20 730 200 801 munitatis
228 745 339 828 partes
366 732 562 820 dividenda,
584 737 683 806 etiam
711 753 838 810 retenta
864 740 987 813 adver·
1106 750 1110 756 ’

21 839 190 911 sariorum
218 843 385 912 sententia
410 843 543 916 videtur
569 873 633 917 uon
652 873 728 918 esse
747 847 902 921 illicitum
921 852 986 922 mi-

21 975 139 1021 norem
167 974 333 1020 summam
369 951 566 1026 facultatum
604 955 757 1054 publicae
792 963 985 1034 auctoritati

21 1078 261 1157 praesentare,
295 1079 423 1138 retento
448 1068 539 1164 quod
575 1067 610 1138 id
646 1071 869 1142 communiter
902 1073 982 1161 liat,

21 1190 122 1269 prout
149 1173 280 1246 videtur
301 1202 402 1273 posse
429 1194 499 1250 tuto
518 1179 691 1266 affirmari,
713 1199 745 1253 et
764 1185 874 1280 posito
894 1187 986 1284 quod

21 1285 203 1357 reticeatur
229 1312 269 1358 ea
304 1302 429 1358 tanturn
467 1289 662 1361 facultatum
691 1295 864 1389 quantitas
899 1322 988 1393 quae

21 1399 247 1472 communiter
273 1401 439 1485 reticetur,
458 1403 539 1499 quia
567 1403 631 1476 hoc
657 1405 690 1475 in
709 1431 792 1478 casu
811 1433 877 1480 non
897 1425 988 1482 esset

21 1510 186 1583 tributum
214 1513 383 1598 fraudare,
405 1542 466 1587 nec
498 1515 574 1589 aliis
606 1543 785 1614 gravamen
815 1521 984 1609 adiicere,

22 1622 81 1694 sed
117 1623 317 1722 simpliciter
342 1651 379 1698 se
405 1626 599 1698 indemnem
628 1655 773 1704 servare.

82 1734 136 1804 Ad
151 1734 234 1806 illud
248 1761 328 1809 vero
342 1738 433 1835 quod
452 1756 627 1838 opponunt
641 1740 827 1842 adversarii
850 1769 888 1814 ex
901 1743 989 1818 loca·

22 1847 117 1918 tione
141 1846 362 1942 gabellarum,
385 1866 417 1921 et
434 1877 474 1922 ex
501 1850 709 1948 praeiudicio
728 1851 819 1949 quod
839 1853 919 1925 inde
947 1881 988 1930 ex

22 1957 144 2031 fraude
170 1957 272 2030 sentit
297 1958 480 2056 conductor
504 1961 694 2033 communis
712 1980 764 2032 est
791 1964 983 2061 responsio.

21 2072 111 2142 Nam
129 2069 349 2142 conductores
363 2095 428 2142 non
444 2070 553 2142 maius
568 2071 621 2143 ius
641 2072 821 2169 acquirunt
835 2072 877 2143 ad
894 2073 988 2146 solu-

22 2183 148 2254 tionem
163 2177 385 2276 gabellarum,
398 2205 438 2252 ac
451 2180 503 2254 lex
514 2181 588 2280 ipsa
603 2183 765 2280 imponat,
776 2209 837 2254 nec
850 2199 988 2283 propter

23 2290 233 2388 gabellarum
252 2288 480 2362 venditionem
499 2290 606 2388 legem
628 2291 705 2364 illas
734 2293 992 2381 decernentem,

25 2420 181 2474 naturam
215 2401 392 2472 immutare
418 2401 468 2472 vel
501 2403 612 2500 quoad
646 2403 782 2476 modum
812 2404 988 2500 obligandi

22 2512 158 2584 uariare
184 2535 324 2582 necesse
349 2527 412 2583 est.

85 2623 120 2694 Si
140 2646 219 2718 ergo
237 2623 295 2720 qui
309 2640 426 2695 emunt
443 2621 596 2720 gabollas
614 2648 680 2694 non
700 2623 861 2695 maiorem
882 2626 987 2724 impo-

24 2765 107 2812 nere
122 2753 264 2836 possunt
278 2735 431 2811 solvendi
447 2737 683 2835 obligationem
699 2753 739 2810 ac'
757 2739 809 2811 lex
827 2740 902 2837 ipsa
918 2756 987 2811 sta-

24 2867 111 2935 tuat,
123 2848 153 2920 si
165 2874 245 2946 ergo
257 2845 310 2922 lex
323 2875 390 2922 nou
405 2848 531 2946 obligat
545 2849 579 2919 in
590 2849 797 2922 conscientia
811 2864 888 2922 ante
901 2849 989 2922 loca·

23 2963 154 3034 tionem
168 2958 390 3056 gabellarum3
406 2985 468 3032 nec
482 2973 514 3032 et
527 2975 643 3055 postea
653 2959 828 3056 obligabit.
843 2961 988 3058 Insuper

24 3073 91 3146 sibi
121 3073 288 3169 imputent
301 3092 450 3146 ementes
469 3071 633 3171 gabellaS‚
664 3073 693 3146 si
718 3096 785 3145 non
809 3071 990 3168 invigilant

26 3202 194 3282 quantum
212 3208 298 3281 opus
307 3196 364 3256 'est
378 3184 420 3256 ad
435 3211 566 3258 omnem
581 3182 733 3256 fraudem
751 3181 990 3266 tollendam‚et

26 3295 128 3368 sicuti
147 3307 301 3394 poterunt
323 3297 489 3368 ditescere
510 3303 646 3393 propter
664 3293 808 3367 mulctas
831 3319 918 3392 quas
936 3293 990 3366 lex

26 3403 228 3501 inlligitpro
246 3403 332 3500 ipsis
347 3421 463 3476 eontra
478 3404 686 3489 fraudantes
708 3403 758 3476 sic
775 3409 922 3502 aequum
939 3403 991 3474 vi-

26 3515 128 3587 detur
141 3529 182 3585 ut
192 3514 358 3612 patienter
370 3514 480 3588 ferant
493 3513 632 3613 aliquod
647 3515 885 3588 detrimentum
899 3510 991 3610 quod

26 3653 88 3725 per
102 3624 304 3702 tributorum
323 3626 568 3706 fraudationem
582 3625 668 3726 ipsis
684 3626 804 3727 poterit
816 3621 987 3795 obbuenire.
