2640 4430
434 341 472 355 -
494 309 535 370 67
555 339 593 354 ...

29 434 121 491 esset
148 443 187 490 ex
212 417 287 513 lege
313 415 525 502 solvendum,
547 430 605 488 aut
622 440 875 515 quamcumque
892 416 997 490 aliam

32 530 199 602 actionem
234 525 431 598 fundantem
466 525 617 598 debitum
649 525 762 600 tributi
798 526 997 602 abscondite
1118 556 1119 559 ’

32 641 126 738 penit
155 666 198 712 ne
224 637 260 709 in
285 637 509 734 cognitionem
530 636 786 736 publicanorum
812 636 870 710 ille
896 639 997 712 deue-

30 754 113 838 niat,
136 750 210 850 qui,
232 749 315 848 quin
341 749 504 822 tributum
531 749 674 834 solvant,
704 775 832 854 merces
858 750 992 850 aliquae

32 863 183 936 rendunt
211 886 362 959 proque
388 861 582 935 venditione
614 877 706 934 esset
730 859 890 934 tributum
918 862 995 935 eol-

32 973 193 1058 vendum,
222 986 260 1042 ut
284 988 335 1044 est
363 971 509 1046 devino
535 970 626 1070 quod
657 971 813 1044 minutim
837 971 995 1044 venditur

33 1112 51 1156 a
74 1109 245 1182 caupone,
267 1098 300 1154 et
324 1081 478 1182 pluribus
504 1083 581 1156 eliis
608 1082 800 1171 mercibus;
830 1084 890 1182 qui
916 1111 995 1157 cen-

34 1225 107 1270 sum
142 1212 175 1270 et
209 1194 356 1268 valorem
394 1193 559 1268 bonorum
597 1220 735 1270 suornm
771 1221 874 1294 super
907 1221 996 1296 quae

32 1309 122 1380 cadit
148 1306 312 1380 tributum
339 1305 439 1378 etiem
464 1305 644 1378 enormiter
670 1305 886 1380 imminutum
914 1333 994 1380 con-

32 1419 151 1492 ficiunt
184 1416 243 1515 qui
271 1442 330 1514 per
355 1414 570 1488 mendacium
596 1417 814 1514 quantumvis
840 1443 995 1490 crassum

32 1530 146 1602 tributi
178 1527 380 1602 solutionem
411 1525 579 1612 eredunt,
598 1526 658 1598 >vel
685 1551 901 1629 quocumque
926 1526 994 1626 alio

32 1645 133 1717 modo
151 1669 171 1714 a
189 1640 305 1714 tributi
324 1638 491 1714 solutione
508 1656 619 1715 astute
641 1667 678 1714 ee
699 1642 861 1727 eximunt;
875 1669 995 1742 quam-

32 1755 83 1827 vis
104 1772 138 1828 et
159 1755 194 1824 in
212 1751 368 1852 pluribus
393 1777 433 1823 ex
451 1751 659 1847 supradictis
676 1751 781 1850 aliqui
804 1778 845 1824 cx
867 1754 996 1851 primae

33 1865 225 1940 sententiae
244 1863 316 1934 Dl).
338 1862 517 1934 convenire
538 1861 699 1935 vidimus.

106 1975 269 2048 Similiter
293 1973 353 2070 qni
379 1970 528 2070 aliquem
554 1970 697 2042 lundam
726 1970 933 2044 immobilem
960 2000 996 2044 e-

33 2103 143 2172 munt,
164 2102 196 2158 et
221 2083 451 2159 consentiente
476 2097 626 2179 emptore
648 2080 760 2152 minus
787 2083 932 2180 pretium
959 2085 995 2155 in

34 2199 172 2296 publica
206 2198 375 2296 scriptura
406 2192 589 2297 proillius
620 2193 792 2290 emptione
821 2185 996 2267 declarant

34 2339 75 2384 ne
100 2311 238 2410 publico
262 2309 392 2383 aerario
424 2325 535 2382 totum¹
557 2321 668 2380 texam
702 2323 885 2392 statutam,
916 2335 994 2380 cum

32 2449 156 2520 magno
190 2420 371 2518 dispendio
401 2419 531 2494 solvere
560 2434 723 2514 cogantur
753 2444 818 2491 non
853 2439 996 2517 peccent

30 2549 150 2607 contra
175 2530 353 2623 iustitiam,
374 2557 438 2604 nec
462 2529 639 2627 quidpiam
661 2529 837 2601 restituere
853 2530 991 2604 debent.

31 2643 103 2717 Hoc
134 2658 167 2715 et
196 2657 317 2738 sponte
351 2641 426 2712 llnit
458 2665 500 2712 ex
535 2638 685 2712 secunda
715 2642 902 2726 sententia,
933 2643 995 2714 sed

31 2753 179 2828 lortesse
207 2750 272 2824 lroc
304 2775 420 2823 verum
452 2764 504 2822 eet
537 2764 569 2821 et
600 2750 710 2846 posita
738 2751 899 2823 strictiori
931 2751 994 2824 do-

31 2868 156 2951 ctrina,
177 2863 260 2962 quia
285 2861 380 2934 nulla
403 2860 538 2933 videtur
563 2859 637 2932 dari
666 2859 736 2946 lex,
766 2887 854 2960 quee
879 2860 995 2934 iubeat

30 2973 296 3071 totumaperiri
323 2972 488 3072 pretium,
518 2999 586 3071 quo
613 2999 666 3046 res
701 2972 817 3073 alique
844 2974 991 3062 emitur,

31 3089 92 3164 sed
122 3085 233 3160 solum
262 3083 497 3158 videturesse
526 3083 633 3181 legem
668 3111 757 3184 quae
787 3111 891 3184 super
919 3111 995 3186 pre·
1112 3104 1120 3121 ‘

32 3203 80 3274 tio
105 3225 175 3298 quc
199 3195 337 3298 publicu
367 3196 424 3269 ille
451 3197 578 3295 emptio
611 3197 652 3268 fit
683 3197 839 3271 decernit
866 3213 995 3272 tentum

30 3337 110 3384 esse
150 3306 362 3383 solvendum.
404 3307 573 3402 Integrum
609 3331 701 3380 vero·
730 3308 873 3406 pretinm
910 3309 998 3383 inter

30 3439 149 3522 partes
163 3435 325 3494 statutum
343 3433 456 3516 potest
468 3417 582 3516 quoad
600 3436 729 3518 partem
749 3422 880 3495 reticeri
893 3422 999 3495 etiam

28 3535 129 3608 selva
158 3531 351 3617 veracitate,
372 3555 460 3630 quae
486 3547 520 3604 et
545 3556 612 3605 non
635 3532 736 3607 unico
754 3533 854 3608 modo
870 3532 1000 3608 salvari

31 3671 142 3744 posse
161 3643 309 3720 ridetur.

861 3753 879 3789 ἡ
