<?xml version="1.0" encoding="UTF-8"?>
<!DOCTYPE html PUBLIC "-//W3C//DTD XHTML 1.0 Transitional//EN"
    "http://www.w3.org/TR/xhtml1/DTD/xhtml1-transitional.dtd">
<html xmlns="http://www.w3.org/1999/xhtml" xml:lang="en" lang="en">
 <head>
  <title>
</title>
<meta http-equiv="Content-Type" content="text/html;charset=utf-8" />
  <meta name='ocr-system' content='tesseract 3.04.00' />
  <meta name='ocr-capabilities' content='ocr_page ocr_carea ocr_par ocr_line ocrx_word'/>
</head>
<body>
  <div class='ocr_page' id='page_1' title='image "./deobligationele00unkngoog_0045.png"; bbox 0 0 2640 4430; ppageno 0'>
   <div class='ocr_carea' id='block_1_1' title="bbox 321 313 1307 2478">
    <p class='ocr_par' dir='ltr' id='par_1_1' title="bbox 321 313 1292 602">
     <span class='ocr_line' id='line_1_1' title="bbox 724 313 881 372; baseline 0.006 -15"><span class='ocrx_word' id='word_1_1' title='bbox 724 343 762 357; x_wconf 92' lang='lat'>..</span> <span class='ocrx_word' id='word_1_2' title='bbox 784 313 823 372; x_wconf 78' lang='lat'>42</span> <span class='ocrx_word' id='word_1_3' title='bbox 844 345 881 358; x_wconf 87' lang='lat'>..</span> 
     </span>
     <span class='ocr_line' id='line_1_2' title="bbox 321 410 1292 514; baseline -0.009 -22"><span class='ocrx_word' id='word_1_4' title='bbox 321 419 452 505; x_wconf 82' lang='lat' dir='ltr'>linivit,</span> <span class='ocrx_word' id='word_1_5' title='bbox 485 433 519 490; x_wconf 87' lang='lat' dir='ltr'>et</span> <span class='ocrx_word' id='word_1_6' title='bbox 549 417 639 491; x_wconf 85' lang='lat' dir='ltr'>circa</span> <span class='ocrx_word' id='word_1_7' title='bbox 668 416 746 490; x_wconf 88' lang='lat' dir='ltr'>illos</span> <span class='ocrx_word' id='word_1_8' title='bbox 776 416 924 514; x_wconf 78' lang='lat' dir='ltr'><strong>theologi</strong></span> <span class='ocrx_word' id='word_1_9' title='bbox 953 415 987 486; x_wconf 91' lang='lat' dir='ltr'>in</span> <span class='ocrx_word' id='word_1_10' title='bbox 1017 413 1129 487; x_wconf 84' lang='lat' dir='ltr'>varias</span> <span class='ocrx_word' id='word_1_11' title='bbox 1161 410 1292 484; x_wconf 88' lang='lat' dir='ltr'>abeunt</span> 
     </span>
     <span class='ocr_line' id='line_1_3' title="bbox 323 529 523 602; baseline -0.02 0"><span class='ocrx_word' id='word_1_12' title='bbox 323 529 523 602; x_wconf 88' lang='lat' dir='ltr'>sententias.</span> 
     </span>
    </p>

    <p class='ocr_par' dir='ltr' id='par_1_2' title="bbox 323 634 1290 1184">
     <span class='ocr_line' id='line_1_4' title="bbox 396 634 1290 737; baseline -0.007 -27"><span class='ocrx_word' id='word_1_13' title='bbox 396 641 537 713; x_wconf 90' lang='lat' dir='ltr'>Possent</span> <span class='ocrx_word' id='word_1_14' title='bbox 563 656 596 713; x_wconf 88' lang='lat' dir='ltr'>et</span> <span class='ocrx_word' id='word_1_15' title='bbox 622 638 710 712; x_wconf 88' lang='lat' dir='ltr'>aliae</span> <span class='ocrx_word' id='word_1_16' title='bbox 738 638 978 737; x_wconf 77' lang='lat' dir='ltr'>responsiones</span> <span class='ocrx_word' id='word_1_17' title='bbox 998 634 1121 708; x_wconf 84' lang='lat' dir='ltr'>adduci</span> <span class='ocrx_word' id='word_1_18' title='bbox 1141 634 1290 706; x_wconf 82' lang='lat' dir='ltr'>fortasse</span> 
     </span>
     <span class='ocr_line' id='line_1_5' title="bbox 323 743 1289 851; baseline -0.005 -31"><span class='ocrx_word' id='word_1_19' title='bbox 323 776 390 823; x_wconf 92' lang='lat' dir='ltr'>non</span> <span class='ocrx_word' id='word_1_20' title='bbox 417 749 671 848; x_wconf 83' lang='lat' dir='ltr'>improbabiles,</span> <span class='ocrx_word' id='word_1_21' title='bbox 693 751 750 822; x_wconf 90' lang='lat' dir='ltr'>sed</span> <span class='ocrx_word' id='word_1_22' title='bbox 762 748 863 851; x_wconf 81' lang='lat' dir='ltr'>‚quod</span> <span class='ocrx_word' id='word_1_23' title='bbox 891 748 1039 820; x_wconf 85' lang='lat' dir='ltr'><strong>diximus</strong></span> <span class='ocrx_word' id='word_1_24' title='bbox 1064 744 1204 817; x_wconf 86' lang='lat' dir='ltr'>videtur</span> <span class='ocrx_word' id='word_1_25' title='bbox 1234 743 1289 815; x_wconf 82' lang='lat' dir='ltr'>ab·</span> 
     </span>
     <span class='ocr_line' id='line_1_6' title="bbox 323 856 1288 960; baseline -0.008 -25"><span class='ocrx_word' id='word_1_26' title='bbox 323 861 414 936; x_wconf 90' lang='lat' dir='ltr'>unde</span> <span class='ocrx_word' id='word_1_27' title='bbox 440 863 594 936; x_wconf 89' lang='lat' dir='ltr'>sufficere</span> <span class='ocrx_word' id='word_1_28' title='bbox 623 862 898 960; x_wconf 85' lang='lat' dir='ltr'>adprobandum</span> <span class='ocrx_word' id='word_1_29' title='bbox 925 861 1039 932; x_wconf 90' lang='lat' dir='ltr'>minus</span> <span class='ocrx_word' id='word_1_30' title='bbox 1058 857 1144 931; x_wconf 87' lang='lat' dir='ltr'>bene</span> <span class='ocrx_word' id='word_1_31' title='bbox 1168 856 1288 930; x_wconf 89' lang='lat' dir='ltr'>adver·</span> 
     </span>
     <span class='ocr_line' id='line_1_7' title="bbox 323 969 1287 1048; baseline -0.007 -2"><span class='ocrx_word' id='word_1_32' title='bbox 323 975 433 1048; x_wconf 86' lang='lat' dir='ltr'>serios</span> <span class='ocrx_word' id='word_1_33' title='bbox 462 973 664 1048; x_wconf 81' lang='lat' dir='ltr'>contendere</span> <span class='ocrx_word' id='word_1_34' title='bbox 689 974 820 1048; x_wconf 90' lang='lat' dir='ltr'>illorum</span> <span class='ocrx_word' id='word_1_35' title='bbox 849 973 1048 1048; x_wconf 79' lang='lat' dir='ltr'>sententiam</span> <span class='ocrx_word' id='word_1_36' title='bbox 1076 987 1230 1045; x_wconf 83' lang='lat' dir='ltr'>statuere</span> <span class='ocrx_word' id='word_1_37' title='bbox 1258 969 1287 1039; x_wconf 93' lang='lat' dir='ltr'>in</span> 
     </span>
     <span class='ocr_line' id='line_1_8' title="bbox 324 1084 841 1184; baseline -0.002 -28"><span class='ocrx_word' id='word_1_38' title='bbox 324 1085 425 1157; x_wconf 85' lang='lat' dir='ltr'>citata</span> <span class='ocrx_word' id='word_1_39' title='bbox 453 1084 604 1184; x_wconf 77' lang='lat' dir='ltr'>Apostoli</span> <span class='ocrx_word' id='word_1_40' title='bbox 631 1085 841 1158; x_wconf 84' lang='lat' dir='ltr'>auctoritate.</span> 
     </span>
    </p>

    <p class='ocr_par' dir='ltr' id='par_1_3' title="bbox 323 1189 1285 1488">
     <span class='ocr_line' id='line_1_9' title="bbox 397 1189 1283 1294; baseline -0.006 -30"><span class='ocrx_word' id='word_1_41' title='bbox 397 1193 448 1264; x_wconf 94' lang='lat' dir='ltr'>Ad</span> <span class='ocrx_word' id='word_1_42' title='bbox 473 1195 705 1267; x_wconf 85' lang='lat' dir='ltr'>auctoritatem</span> <span class='ocrx_word' id='word_1_43' title='bbox 733 1195 802 1294; x_wconf 76' lang='lat' dir='ltr'>divi</span> <span class='ocrx_word' id='word_1_44' title='bbox 820 1192 1002 1290; x_wconf 79' lang='lat' dir='ltr'>Augustini</span> <span class='ocrx_word' id='word_1_45' title='bbox 1021 1189 1283 1290; x_wconf 75' lang='lat' dir='ltr'>respondemus,</span> 
     </span>
     <span class='ocr_line' id='line_1_10' title="bbox 323 1302 1285 1404; baseline -0.001 -33"><span class='ocrx_word' id='word_1_46' title='bbox 323 1303 433 1376; x_wconf 91' lang='lat' dir='ltr'>locum</span> <span class='ocrx_word' id='word_1_47' title='bbox 461 1304 557 1377; x_wconf 89' lang='lat' dir='ltr'>nobis</span> <span class='ocrx_word' id='word_1_48' title='bbox 584 1306 691 1404; x_wconf 86' lang='lat' dir='ltr'>primo</span> <span class='ocrx_word' id='word_1_49' title='bbox 718 1305 791 1378; x_wconf 91' lang='lat' dir='ltr'>loco</span> <span class='ocrx_word' id='word_1_50' title='bbox 809 1304 975 1378; x_wconf 88' lang='lat' dir='ltr'>obiectum</span> <span class='ocrx_word' id='word_1_51' title='bbox 996 1302 1042 1372; x_wconf 93' lang='lat' dir='ltr'>nil</span> <span class='ocrx_word' id='word_1_52' title='bbox 1062 1303 1191 1401; x_wconf 87' lang='lat' dir='ltr'>pariter</span> <span class='ocrx_word' id='word_1_53' title='bbox 1209 1327 1285 1374; x_wconf 93' lang='lat' dir='ltr'>con-</span> 
     </span>
     <span class='ocr_line' id='line_1_11' title="bbox 323 1412 706 1488; baseline 0.013 -5"><span class='ocrx_word' id='word_1_54' title='bbox 323 1412 458 1487; x_wconf 87' lang='lat' dir='ltr'>cludere</span> <span class='ocrx_word' id='word_1_55' title='bbox 476 1429 592 1488; x_wconf 86' lang='lat' dir='ltr'>contra</span> <span class='ocrx_word' id='word_1_56' title='bbox 612 1441 706 1488; x_wconf 93' lang='lat' dir='ltr'>nos.·</span> 
     </span>
    </p>

    <p class='ocr_par' dir='ltr' id='par_1_4' title="bbox 323 1523 1307 2478">
     <span class='ocr_line' id='line_1_12' title="bbox 398 1523 1283 1612; baseline 0 -18"><span class='ocrx_word' id='word_1_57' title='bbox 398 1527 463 1598; x_wconf 90' lang='lat' dir='ltr'>lste</span> <span class='ocrx_word' id='word_1_58' title='bbox 491 1526 584 1598; x_wconf 90' lang='lat' dir='ltr'>locus</span> <span class='ocrx_word' id='word_1_59' title='bbox 602 1526 668 1598; x_wconf 93' lang='lat' dir='ltr'>iam</span> <span class='ocrx_word' id='word_1_60' title='bbox 695 1526 804 1599; x_wconf 86' lang='lat' dir='ltr'>luerat</span> <span class='ocrx_word' id='word_1_61' title='bbox 835 1525 973 1612; x_wconf 86' lang='lat' dir='ltr'>relatus,</span> <span class='ocrx_word' id='word_1_62' title='bbox 997 1551 1072 1597; x_wconf 92' lang='lat' dir='ltr'>meo</span> <span class='ocrx_word' id='word_1_63' title='bbox 1098 1523 1222 1596; x_wconf 88' lang='lat' dir='ltr'>saltem</span> <span class='ocrx_word' id='word_1_64' title='bbox 1242 1523 1283 1594; x_wconf 92' lang='lat' dir='ltr'>iu·</span> 
     </span>
     <span class='ocr_line' id='line_1_13' title="bbox 323 1635 1281 1722; baseline -0.003 -16"><span class='ocrx_word' id='word_1_65' title='bbox 323 1635 424 1722; x_wconf 88' lang='lat' dir='ltr'>dicio,</span> <span class='ocrx_word' id='word_1_66' title='bbox 447 1636 480 1706; x_wconf 90' lang='lat' dir='ltr'>in</span> <span class='ocrx_word' id='word_1_67' title='bbox 499 1636 572 1708; x_wconf 87' lang='lat' dir='ltr'>iure</span> <span class='ocrx_word' id='word_1_68' title='bbox 591 1636 753 1709; x_wconf 88' lang='lat' dir='ltr'>canonico</span> <span class='ocrx_word' id='word_1_69' title='bbox 771 1640 809 1708; x_wconf 87' lang='lat' dir='ltr'>C.</span> <span class='ocrx_word' id='word_1_70' title='bbox 830 1637 941 1710; x_wconf 89' lang='lat' dir='ltr'>omnis</span> <span class='ocrx_word' id='word_1_71' title='bbox 961 1636 1074 1708; x_wconf 90' lang='lat' dir='ltr'>anima</span> <span class='ocrx_word' id='word_1_72' title='bbox 1094 1637 1127 1706; x_wconf 75' lang='lat'>2.</span> <span class='ocrx_word' id='word_1_73' title='bbox 1146 1635 1191 1707; x_wconf 86' lang='lat' dir='ltr'>de</span> <span class='ocrx_word' id='word_1_74' title='bbox 1209 1660 1281 1707; x_wconf 91' lang='lat' dir='ltr'>cen·</span> 
     </span>
     <span class='ocr_line' id='line_1_14' title="bbox 324 1743 1279 1845; baseline -0.001 -29"><span class='ocrx_word' id='word_1_75' title='bbox 324 1743 434 1831; x_wconf 91' lang='lat' dir='ltr'>sibus;</span> <span class='ocrx_word' id='word_1_76' title='bbox 455 1761 489 1816; x_wconf 86' lang='lat' dir='ltr'>at</span> <span class='ocrx_word' id='word_1_77' title='bbox 514 1746 542 1818; x_wconf 90' lang='lat' dir='ltr'>si</span> <span class='ocrx_word' id='word_1_78' title='bbox 565 1771 604 1816; x_wconf 87' lang='lat' dir='ltr'>ex</span> <span class='ocrx_word' id='word_1_79' title='bbox 622 1746 711 1819; x_wconf 90' lang='lat' dir='ltr'>dicto</span> <span class='ocrx_word' id='word_1_80' title='bbox 733 1745 805 1820; x_wconf 92' lang='lat' dir='ltr'>looo</span> <span class='ocrx_word' id='word_1_81' title='bbox 832 1748 997 1845; x_wconf 85' lang='lat' dir='ltr'>potuisset</span> <span class='ocrx_word' id='word_1_82' title='bbox 1013 1747 1047 1816; x_wconf 91' lang='lat' dir='ltr'>S.</span> <span class='ocrx_word' id='word_1_83' title='bbox 1062 1745 1279 1844; x_wconf 80' lang='lat' dir='ltr'>llaymundus</span> 
     </span>
     <span class='ocr_line' id='line_1_15' title="bbox 323 1853 1279 1955; baseline -0.002 -29"><span class='ocrx_word' id='word_1_84' title='bbox 323 1853 481 1951; x_wconf 85' lang='lat' dir='ltr'>colligere</span> <span class='ocrx_word' id='word_1_85' title='bbox 512 1871 615 1928; x_wconf 91' lang='lat' dir='ltr'>totum</span> <span class='ocrx_word' id='word_1_86' title='bbox 645 1856 679 1927; x_wconf 92' lang='lat' dir='ltr'>id</span> <span class='ocrx_word' id='word_1_87' title='bbox 711 1854 803 1955; x_wconf 91' lang='lat' dir='ltr'>quod</span> <span class='ocrx_word' id='word_1_88' title='bbox 832 1871 978 1952; x_wconf 80' lang='lat' dir='ltr'>arguunt</span> <span class='ocrx_word' id='word_1_89' title='bbox 1001 1854 1203 1938; x_wconf 78' lang='lat' dir='ltr'>adversarii,</span> <span class='ocrx_word' id='word_1_90' title='bbox 1235 1856 1279 1926; x_wconf 90' lang='lat' dir='ltr'>sic</span> 
     </span>
     <span class='ocr_line' id='line_1_16' title="bbox 325 1964 1307 2065; baseline 0.002 -31"><span class='ocrx_word' id='word_1_91' title='bbox 325 1964 541 2037; x_wconf 85' lang='lat' dir='ltr'>iudicandum</span> <span class='ocrx_word' id='word_1_92' title='bbox 557 1980 610 2038; x_wconf 88' lang='lat' dir='ltr'>est</span> <span class='ocrx_word' id='word_1_93' title='bbox 628 1967 717 2065; x_wconf 88' lang='lat' dir='ltr'>quod</span> <span class='ocrx_word' id='word_1_94' title='bbox 732 1966 924 2063; x_wconf 79' lang='lat' dir='ltr'>collegisset</span> <span class='ocrx_word' id='word_1_95' title='bbox 941 1965 1091 2065; x_wconf 91' lang='lat' dir='ltr'>quidem;</span> <span class='ocrx_word' id='word_1_96' title='bbox 1104 1982 1139 2037; x_wconf 91' lang='lat' dir='ltr'>at</span> <span class='ocrx_word' id='word_1_97' title='bbox 1156 1965 1191 2036; x_wconf 90' lang='lat' dir='ltr'>S.</span> <span class='ocrx_word' id='word_1_98' title='bbox 1202 1966 1278 2063; x_wconf 83' lang='lat' dir='ltr'>Ray·</span> <span class='ocrx_word' id='word_1_99' title='bbox 1306 1975 1307 1980; x_wconf 76' lang='grc'>’</span> 
     </span>
     <span class='ocr_line' id='line_1_17' title="bbox 324 2075 1278 2176; baseline 0.001 -30"><span class='ocrx_word' id='word_1_100' title='bbox 324 2076 472 2148; x_wconf 92' lang='lat' dir='ltr'>mundus</span> <span class='ocrx_word' id='word_1_101' title='bbox 499 2077 674 2175; x_wconf 84' lang='lat' dir='ltr'>inscripsit</span> <span class='ocrx_word' id='word_1_102' title='bbox 701 2078 732 2148; x_wconf 89' lang='lat' dir='ltr'>in</span> <span class='ocrx_word' id='word_1_103' title='bbox 758 2079 829 2150; x_wconf 90' lang='lat' dir='ltr'>iure</span> <span class='ocrx_word' id='word_1_104' title='bbox 847 2077 930 2149; x_wconf 88' lang='lat' dir='ltr'>haec</span> <span class='ocrx_word' id='word_1_105' title='bbox 949 2103 1056 2176; x_wconf 82' lang='lat' dir='ltr'>pauca</span> <span class='ocrx_word' id='word_1_106' title='bbox 1073 2075 1178 2149; x_wconf 90' lang='lat' dir='ltr'>verba</span> <span class='ocrx_word' id='word_1_107' title='bbox 1198 2103 1278 2176; x_wconf 85' lang='lat' dir='ltr'>qnae</span> 
     </span>
     <span class='ocr_line' id='line_1_18' title="bbox 323 2186 1306 2285; baseline -0.002 -27"><span class='ocrx_word' id='word_1_108' title='bbox 323 2203 512 2285; x_wconf 85' lang='lat' dir='ltr'>sequuntur</span> <span class='ocrx_word' id='word_1_109' title='bbox 541 2217 558 2254; x_wconf 90' lang='lat'>«</span> <span class='ocrx_word' id='word_1_110' title='bbox 588 2204 621 2259; x_wconf 87' lang='lat' dir='ltr'>et</span> <span class='ocrx_word' id='word_1_111' title='bbox 649 2213 710 2260; x_wconf 87' lang='lat' dir='ltr'>vos</span> <span class='ocrx_word' id='word_1_112' title='bbox 745 2187 873 2260; x_wconf 89' lang='lat' dir='ltr'>subditi</span> <span class='ocrx_word' id='word_1_113' title='bbox 910 2213 987 2260; x_wconf 90' lang='lat' dir='ltr'>esse</span> <span class='ocrx_word' id='word_1_114' title='bbox 1020 2186 1173 2272; x_wconf 88' lang='lat' dir='ltr'>debetis,</span> <span class='ocrx_word' id='word_1_115' title='bbox 1209 2187 1306 2258; x_wconf 55' lang='lat' dir='ltr'>ideo,</span> 
     </span>
     <span class='ocr_line' id='line_1_19' title="bbox 323 2295 1276 2396; baseline -0.002 -28"><span class='ocrx_word' id='word_1_116' title='bbox 323 2295 412 2368; x_wconf 87' lang='lat' dir='ltr'>enim</span> <span class='ocrx_word' id='word_1_117' title='bbox 441 2295 565 2368; x_wconf 87' lang='lat' dir='ltr'>tributa</span> <span class='ocrx_word' id='word_1_118' title='bbox 595 2299 798 2394; x_wconf 89' lang='lat' dir='ltr'>praestatis,</span> <span class='ocrx_word' id='word_1_119' title='bbox 832 2298 912 2396; x_wconf 88' lang='lat' dir='ltr'>quia</span> <span class='ocrx_word' id='word_1_120' title='bbox 943 2297 1027 2369; x_wconf 84' lang='lat' dir='ltr'>haec</span> <span class='ocrx_word' id='word_1_121' title='bbox 1052 2312 1103 2369; x_wconf 91' lang='lat' dir='ltr'>est</span> <span class='ocrx_word' id='word_1_122' title='bbox 1130 2296 1276 2392; x_wconf 87' lang='lat' dir='ltr'>probatio</span> 
     </span>
     <span class='ocr_line' id='line_1_20' title="bbox 324 2404 594 2478; baseline -0.004 -3"><span class='ocrx_word' id='word_1_123' title='bbox 324 2404 559 2478; x_wconf 87' lang='lat' dir='ltr'>subiectionis.</span> <span class='ocrx_word' id='word_1_124' title='bbox 578 2437 594 2474; x_wconf 84' lang='lat' dir='ltr'>n</span> 
     </span>
    </p>
   </div>
   <div class='ocr_carea' id='block_1_2' title="bbox 326 2507 1305 2727">
    <p class='ocr_par' dir='ltr' id='par_1_5' title="bbox 326 2507 1305 2727">
     <span class='ocr_line' id='line_1_21' title="bbox 396 2507 1305 2615; baseline 0.004 -31"><span class='ocrx_word' id='word_1_125' title='bbox 396 2515 515 2588; x_wconf 83' lang='lat' dir='ltr'>Verum</span> <span class='ocrx_word' id='word_1_126' title='bbox 550 2515 694 2588; x_wconf 89' lang='lat' dir='ltr'>arbitror</span> <span class='ocrx_word' id='word_1_127' title='bbox 726 2517 814 2615; x_wconf 93' lang='lat' dir='ltr'>quod</span> <span class='ocrx_word' id='word_1_128' title='bbox 845 2516 991 2590; x_wconf 84' lang='lat' dir='ltr'>sufficiet</span> <span class='ocrx_word' id='word_1_129' title='bbox 1024 2517 1146 2590; x_wconf 87' lang='lat' dir='ltr'>relerre</span> <span class='ocrx_word' id='word_1_130' title='bbox 1179 2517 1274 2590; x_wconf 88' lang='lat' dir='ltr'>verba</span> <span class='ocrx_word' id='word_1_131' title='bbox 1304 2507 1305 2512; x_wconf 6' lang='grc' dir='ltr'>ἵ</span> 
     </span>
     <span class='ocr_line' id='line_1_22' title="bbox 326 2625 1269 2727; baseline 0.001 -31"><span class='ocrx_word' id='word_1_132' title='bbox 326 2625 437 2724; x_wconf 87' lang='lat' dir='ltr'>ipsius</span> <span class='ocrx_word' id='word_1_133' title='bbox 463 2626 531 2699; x_wconf 86' lang='lat' dir='ltr'>divi</span> <span class='ocrx_word' id='word_1_134' title='bbox 559 2627 763 2723; x_wconf 80' lang='lat' dir='ltr'>Augustini,</span> <span class='ocrx_word' id='word_1_135' title='bbox 796 2629 855 2727; x_wconf 92' lang='lat' dir='ltr'>qui</span> <span class='ocrx_word' id='word_1_136' title='bbox 881 2628 1038 2701; x_wconf 88' lang='lat' dir='ltr'>adductis</span> <span class='ocrx_word' id='word_1_137' title='bbox 1065 2627 1133 2700; x_wconf 92' lang='lat' dir='ltr'>illis</span> <span class='ocrx_word' id='word_1_138' title='bbox 1160 2629 1269 2726; x_wconf 91' lang='lat' dir='ltr'>Apost.</span> 
     </span>
    </p>
   </div>
   <div class='ocr_carea' id='block_1_3' title="bbox 320 2736 1301 3722">
    <p class='ocr_par' dir='ltr' id='par_1_6' title="bbox 322 2736 1304 3280">
     <span class='ocr_line' id='line_1_23' title="bbox 322 2736 1259 2838; baseline 0 -28"><span class='ocrx_word' id='word_1_139' title='bbox 322 2736 450 2811; x_wconf 78' lang='lat' dir='ltr'>verbis:</span> <span class='ocrx_word' id='word_1_140' title='bbox 466 2742 570 2811; x_wconf 81' lang='lat' dir='ltr'>omnis</span> <span class='ocrx_word' id='word_1_141' title='bbox 588 2741 701 2811; x_wconf 82' lang='lat' dir='ltr'>animo</span> <span class='ocrx_word' id='word_1_142' title='bbox 713 2741 929 2838; x_wconf 80' lang='lat' dir='ltr'>potestatibus</span> <span class='ocrx_word' id='word_1_143' title='bbox 942 2741 1259 2812; x_wconf 79' lang='lat' dir='ltr'>sublimioribussob</span> 
     </span>
     <span class='ocr_line' id='line_1_24' title="bbox 322 2847 1273 2950; baseline 0.002 -32"><span class='ocrx_word' id='word_1_144' title='bbox 322 2847 395 2920; x_wconf 85' lang='lat' dir='ltr'>dito</span> <span class='ocrx_word' id='word_1_145' title='bbox 420 2852 478 2922; x_wconf 80' lang='lat' dir='ltr'>sit:</span> <span class='ocrx_word' id='word_1_146' title='bbox 498 2876 563 2922; x_wconf 91' lang='lat' dir='ltr'>non</span> <span class='ocrx_word' id='word_1_147' title='bbox 591 2867 642 2922; x_wconf 86' lang='lat' dir='ltr'>ost</span> <span class='ocrx_word' id='word_1_148' title='bbox 667 2854 917 2950; x_wconf 82' lang='lat' dir='ltr'>enimpotestas</span> <span class='ocrx_word' id='word_1_149' title='bbox 942 2853 1011 2922; x_wconf 80' lang='lat' dir='ltr'>nisi</span> <span class='ocrx_word' id='word_1_150' title='bbox 1033 2851 1152 2935; x_wconf 71' lang='lat' dir='ltr'>ollem</span> <span class='ocrx_word' id='word_1_151' title='bbox 1167 2851 1273 2924; x_wconf 88' lang='lat' dir='ltr'>subdit</span> 
     </span>
     <span class='ocr_line' id='line_1_25' title="bbox 326 2961 1271 3061; baseline 0.005 -32"><span class='ocrx_word' id='word_1_152' title='bbox 326 2987 343 3030; x_wconf 90' lang='lat'>«</span> <span class='ocrx_word' id='word_1_153' title='bbox 364 2961 562 3033; x_wconf 86' lang='lat' dir='ltr'>Rectissime</span> <span class='ocrx_word' id='word_1_154' title='bbox 589 2979 713 3048; x_wconf 90' lang='lat' dir='ltr'>monet,</span> <span class='ocrx_word' id='word_1_155' title='bbox 735 2963 879 3061; x_wconf 89' lang='lat' dir='ltr'>nequis</span> <span class='ocrx_word' id='word_1_156' title='bbox 904 2987 945 3032; x_wconf 82' lang='lat' dir='ltr'>ex</span> <span class='ocrx_word' id='word_1_157' title='bbox 977 2988 1017 3033; x_wconf 93' lang='lat' dir='ltr'>eo</span> <span class='ocrx_word' id='word_1_158' title='bbox 1043 2961 1133 3061; x_wconf 93' lang='lat' dir='ltr'>quod</span> <span class='ocrx_word' id='word_1_159' title='bbox 1161 2963 1271 3034; x_wconf 88' lang='lat' dir='ltr'>allo-</span> 
     </span>
     <span class='ocr_line' id='line_1_26' title="bbox 326 3070 1271 3172; baseline 0.009 -35"><span class='ocrx_word' id='word_1_160' title='bbox 326 3101 343 3137; x_wconf 88' lang='lat'>»</span> <span class='ocrx_word' id='word_1_161' title='bbox 365 3072 456 3142; x_wconf 91' lang='lat' dir='ltr'>mino</span> <span class='ocrx_word' id='word_1_162' title='bbox 483 3070 605 3142; x_wconf 90' lang='lat' dir='ltr'>sucin</span> <span class='ocrx_word' id='word_1_163' title='bbox 634 3070 819 3144; x_wconf 88' lang='lat' dir='ltr'>libertatem</span> <span class='ocrx_word' id='word_1_164' title='bbox 836 3089 985 3154; x_wconf 62' lang='lat' dir='ltr'>,vocatus</span> <span class='ocrx_word' id='word_1_165' title='bbox 1011 3089 1075 3158; x_wconf 91' lang='lat' dir='ltr'>est,</span> <span class='ocrx_word' id='word_1_166' title='bbox 1104 3072 1271 3172; x_wconf 86' lang='lat' dir='ltr'>laetusque</span> 
     </span>
     <span class='ocr_line' id='line_1_27' title="bbox 326 3177 1270 3280; baseline 0.01 -35"><span class='ocrx_word' id='word_1_167' title='bbox 326 3211 343 3245; x_wconf 78' lang='lat' dir='ltr'>n</span> <span class='ocrx_word' id='word_1_168' title='bbox 364 3177 583 3268; x_wconf 89' lang='lat' dir='ltr'>christianus,</span> <span class='ocrx_word' id='word_1_169' title='bbox 603 3180 781 3254; x_wconf 84' lang='lat' dir='ltr'>extollatur</span> <span class='ocrx_word' id='word_1_170' title='bbox 807 3181 839 3251; x_wconf 92' lang='lat' dir='ltr'>in</span> <span class='ocrx_word' id='word_1_171' title='bbox 868 3181 1076 3280; x_wconf 88' lang='lat' dir='ltr'>superbiam,</span> <span class='ocrx_word' id='word_1_172' title='bbox 1092 3199 1125 3254; x_wconf 88' lang='lat' dir='ltr'>et</span> <span class='ocrx_word' id='word_1_173' title='bbox 1142 3208 1205 3254; x_wconf 89' lang='lat' dir='ltr'>non</span> <span class='ocrx_word' id='word_1_174' title='bbox 1222 3209 1270 3254; x_wconf 84' lang='lat' dir='ltr'>ar·</span> 
     </span>
    </p>

    <p class='ocr_par' dir='ltr' id='par_1_7' title="bbox 320 3269 1302 3722">
     <span class='ocr_line' id='line_1_28' title="bbox 323 3289 1270 3366; baseline 0.01 -10"><span class='ocrx_word' id='word_1_175' title='bbox 323 3321 341 3357; x_wconf 77' lang='lat' dir='ltr'>n</span> <span class='ocrx_word' id='word_1_176' title='bbox 363 3289 503 3364; x_wconf 85' lang='lat' dir='ltr'>bitretur</span> <span class='ocrx_word' id='word_1_177' title='bbox 527 3292 560 3362; x_wconf 93' lang='lat' dir='ltr'>in</span> <span class='ocrx_word' id='word_1_178' title='bbox 593 3292 696 3365; x_wconf 91' lang='lat' dir='ltr'>huius</span> <span class='ocrx_word' id='word_1_179' title='bbox 721 3293 810 3366; x_wconf 84' lang='lat' dir='ltr'>vitoe</span> <span class='ocrx_word' id='word_1_180' title='bbox 836 3294 956 3365; x_wconf 90' lang='lat' dir='ltr'>itinere</span> <span class='ocrx_word' id='word_1_181' title='bbox 982 3293 1181 3366; x_wconf 88' lang='lat' dir='ltr'>servandum</span> <span class='ocrx_word' id='word_1_182' title='bbox 1201 3321 1270 3366; x_wconf 87' lang='lat' dir='ltr'>esso</span> 
     </span>
     <span class='ocr_line' id='line_1_29' title="bbox 324 3401 1301 3502; baseline 0.006 -32"><span class='ocrx_word' id='word_1_183' title='bbox 324 3401 512 3474; x_wconf 74' lang='lat' dir='ltr'>»ordinem</span> <span class='ocrx_word' id='word_1_184' title='bbox 540 3429 662 3488; x_wconf 88' lang='lat' dir='ltr'>suum,</span> <span class='ocrx_word' id='word_1_185' title='bbox 693 3421 726 3475; x_wconf 89' lang='lat' dir='ltr'>et</span> <span class='ocrx_word' id='word_1_186' title='bbox 751 3403 973 3502; x_wconf 86' lang='lat' dir='ltr'>potestatibus</span> <span class='ocrx_word' id='word_1_187' title='bbox 999 3403 1265 3490; x_wconf 88' lang='lat' dir='ltr'>sublimioribus,</span> <span class='ocrx_word' id='word_1_188' title='bbox 1300 3483 1301 3488; x_wconf 6' lang='grc' dir='ltr'>ἵ</span> 
     </span>
     <span class='ocr_line' id='line_1_30' title="bbox 323 3512 1268 3613; baseline 0.004 -31"><span class='ocrx_word' id='word_1_189' title='bbox 323 3512 488 3612; x_wconf 81' lang='lat' dir='ltr'>»quibus</span> <span class='ocrx_word' id='word_1_190' title='bbox 516 3540 576 3611; x_wconf 85' lang='lat' dir='ltr'>pro</span> <span class='ocrx_word' id='word_1_191' title='bbox 602 3529 751 3611; x_wconf 88' lang='lat' dir='ltr'>tempore</span> <span class='ocrx_word' id='word_1_192' title='bbox 778 3539 886 3587; x_wconf 89' lang='lat' dir='ltr'>rerum</span> <span class='ocrx_word' id='word_1_193' title='bbox 906 3513 1140 3613; x_wconf 88' lang='lat' dir='ltr'>temporalium</span> <span class='ocrx_word' id='word_1_194' title='bbox 1158 3514 1268 3612; x_wconf 81' lang='lat' dir='ltr'>guber·</span> 
     </span>
     <span class='ocr_line' id='line_1_31' title="bbox 320 3623 1300 3722; baseline 0.007 -30"><span class='ocrx_word' id='word_1_195' title='bbox 320 3654 341 3692; x_wconf 78' lang='lat' dir='ltr'>n</span> <span class='ocrx_word' id='word_1_196' title='bbox 363 3625 455 3696; x_wconf 86' lang='lat' dir='ltr'>natio</span> <span class='ocrx_word' id='word_1_197' title='bbox 473 3623 595 3694; x_wconf 86' lang='lat' dir='ltr'>tradite</span> <span class='ocrx_word' id='word_1_198' title='bbox 612 3639 676 3710; x_wconf 90' lang='lat' dir='ltr'>est,</span> <span class='ocrx_word' id='word_1_199' title='bbox 698 3641 792 3722; x_wconf 85' lang='lat' dir='ltr'>putet</span> <span class='ocrx_word' id='word_1_200' title='bbox 811 3651 875 3698; x_wconf 91' lang='lat' dir='ltr'>non</span> <span class='ocrx_word' id='word_1_201' title='bbox 895 3651 932 3700; x_wconf 87' lang='lat' dir='ltr'>se</span> <span class='ocrx_word' id='word_1_202' title='bbox 952 3652 1028 3699; x_wconf 87' lang='lat' dir='ltr'>esee</span> <span class='ocrx_word' id='word_1_203' title='bbox 1047 3624 1264 3700; x_wconf 87' lang='lat' dir='ltr'>subdendum.</span> <span class='ocrx_word' id='word_1_204' title='bbox 1299 3665 1300 3680; x_wconf 75' lang='lat'>=</span> 
     </span>
    </p>
   </div>
   <div class='ocr_carea' id='block_1_4' title="bbox 0 0 1329 4430">
    <p class='ocr_par' dir='ltr' id='par_1_8' title="bbox 0 0 1329 4430">
     <span class='ocr_line' id='line_1_32' title="bbox 0 0 1329 4430; baseline 0 0"><span class='ocrx_word' id='word_1_205' title='bbox 0 0 1329 4430; x_wconf 95' lang='lat' dir='ltr'> </span> 
     </span>
    </p>
   </div>
  </div>
 </body>
</html>
