2640 4430
432 311 470 325 ..
492 277 532 336 33
552 308 589 322 ..

25 386 168 484 cipiunt,
191 385 386 482 dequibus
413 395 470 480 est
491 383 660 482 quaestio,
687 410 752 456 non
780 385 928 482 obligare
955 389 990 458 in

26 495 237 569 conscientie
263 496 329 567 nisi
356 494 410 568 ad'
427 521 571 594 poenam
586 510 753 578 ,statutam
772 513 849 593 post
867 498 990 573 iudicis

26 606 253 690 sententiam,
282 624 315 679 et
351 606 573 678 nihilominus
608 622 756 689 taceant,
790 634 894 705 quum
921 635 991 682 uno

27 718 131 790 verbo
146 735 298 815 ,possent
317 733 419 791 totam
437 719 670 816 quaestionem
689 717 859 790 dirimere.
872 721 991 794 Nonne

28 830 87 901 hic
101 828 277 901 literaliter
288 845 399 927 potest
417 829 578 928 applicari
590 829 671 924 Reg.
689 829 773 902 iuris
790 831 906 924 (tuin
922 832 989 930 6.).

28 943 154 1014 Contra
181 968 256 1013 eum
282 947 339 1041 qui
368 942 477 1038 legem
504 941 618 1015 dicere
644 943 752 1039 potuit
770 943 920 1039 apertius
940 961 992 1018 est

30 1054 263 1152 interpretatio
289 1051 473 1126 facienda?

103 1164 192 1234 Hinc
218 1163 316 1235 refert
343 1165 433 1260 Lugo
464 1169 511 1259 (n.
537 1166 611 1257 41.)
642 1164 684 1235 de
701 1165 888 1264 Hispaniae
915 1193 993 1264 rege

29 1275 163 1374 Filippo
191 1275 241 1360 tl,
271 1273 362 1372 quod
389 1275 463 1346 eius
491 1275 656 1346 ministris
682 1268 989 1374 conquerentibuS,

26 1417 68 1462 eo
94 1389 186 1488 quod
214 1388 309 1460 multi
337 1388 468 1462 tributa
488 1407 521 1461 et
543 1389 721 1486 vectigalia
739 1391 989 1478 defraudarem,

27 1501 269 1600 responderit:
288 1529 304 1571 u
327 1501 429 1574 sinite
455 1513 525 1586 ece,
549 1502 703 1573 iurentur
719 1503 809 1574 enim
828 1503 871 1574 de
889 1529 992 1580 suc.»

28 1612 106 1698 Quo
133 1609 298 1710 responso
324 1612 409 1684 satis
437 1613 611 1699 indicavit,
634 1640 694 1710 per
719 1640 800 1686 suas
826 1613 917 1711 leges
936 1614 995 1686 tri-

26 1724 112 1796 buta
140 1723 351 1821 imponentes
379 1723 531 1796 noluisse
557 1724 787 1820 constringere
813 1726 993 1798 conscien-

27 1837 96 1908 tias
113 1835 169 1907 'ad
196 1835 344 1933 culpam.

107 1946 202 2048 Quae
220 1946 331 2018 adhuc
351 1947 581 2045 praesumptio
600 1947 708 2042 magis
727 1947 906 2045 magisque
924 1974 996 2019 cre-

27 2058 101 2130 scit
127 2083 221 2130 exeo
240 2056 332 2156 quod
351 2055 464 2143 hodie,
487 2074 522 2128 ut
542 2073 634 2130 notat
650 2057 829 2130 Rousselct
849 2061 992 2156 (poet.

27 2195 68 2238 n.
84 2167 146 2262 5.)
174 2168 321 2266 supremi
342 2166 558 2265 imperiorum
579 2167 806 2240 moderatores
827 2192 997 2268 nusquam

27 2279 74 2350 ad
102 2279 365 2364 conscientiam,
399 2279 503 2352 immo
530 2305 701 2378 nusquam
728 2279 771 2350 ad
800 2279 998 2376 religionem

28 2389 182 2489 populos
210 2406 417 2490 provocant,
454 2387 514 2462 sed
533 2389 628 2462 dum
657 2391 851 2463 innumeros
877 2407 998 2464 custo-

27 2502 142 2587 dum,
184 2500 477 2599 praepositorum,
514 2515 705 2574 exactorum
737 2501 903 2574 exercitus
930 2500 999 2573 sibi
1099 2543 1104 2554 ·

28 2609 255 2686 conscribunt
281 2611 323 2682 ad
349 2610 528 2706 vectigalia
553 2611 688 2710 aliaque
713 2609 838 2682 tributa
863 2611 1000 2707 exigen-

27 2724 102 2811 da,
133 2723 276 2796 omnino
303 2722 347 2794 iis
374 2724 482 2818 magis
508 2721 678 2796 confidere
702 2722 874 2808 videntur,
896 2747 1000 2819 quam

28 2833 253 2908 subditorum
279 2834 533 2922 conscientiae;
564 2835 652 2907 hene
677 2833 780 2931 igitur
804 2833 899 2932 ipsos
925 2833 1001 2904 suis

27 2945 172 3043 legibus
189 2946 424 3042 constringere
441 2944 591 3019 vo'luisse
609 2943 701 3019 haud
720 2944 881 3018 censendi
901 2959 997 3030 sunt;

27 3059 146 3130 immo
164 3082 205 3129 ex
223 3056 375 3154 ipsorum
402 3055 525 3154 agendi
553 3058 682 3131 ratione
708 3055 911 3131 contrarium
930 3054 1001 3126 erui

35 3182 167 3266 potest.
400 3188 401 3192 ¹
441 3247 444 3254 ,
834 3256 841 3274 ¹

104 3278 214 3378 quue
226 3278 403 3361 confirmat
420 3279 590 3352 Navarrus
607 3281 698 3374 (56.)
714 3307 754 3352 ex
773 3305 812 3352 eo
829 3276 921 3378 quod
941 3276 1005 3350 ali-

27 3392 99 3492 qui
126 3406 163 3462 ut
189 3389 294 3462 Henr.
326 3405 359 3462 et
384 3388 575 3489 Sylvester,
604 3390 684 3462 item
710 3389 770 3462 alii
798 3415 873 3462 cum
899 3388 1001 3472 Boia,

24 3527 143 3602 quem
170 3500 312 3574 adducit
344 3517 378 3574 et
409 3500 565 3599 sequitur
587 3499 746 3576 Duardus
779 3500 841 3571 inf.
876 3495 1002 3572 citandi.

33 3613 192 3709 (n.18.)
222 3610 349 3687 nullam
374 3627 502 3711 ponant
527 3609 651 3690 realem
682 3611 935 3688 distinctionem
959 3606 1010 3680 in·

868 3723 888 3784 3
