2640 4430
712 343 750 354 -
772 311 812 370 80
832 345 870 356 -

312 419 357 490 sit
382 418 456 490 eius
482 415 623 500 iustitia;
656 415 735 486 binc
761 417 789 486 si
817 415 859 488 de
885 416 999 514 aliquo
1029 417 1155 494 tributo
1179 419 1290 490 dubi-

312 545 400 601 tetur
426 555 468 600 an
494 528 733 600 cohonestetur
760 527 907 624 legitima
926 553 1028 600 causa
1046 530 1213 626 quaestio
1234 557 1289 602 re-

312 640 412 736 spicit
438 655 542 711 totum
571 637 744 722 tributum,
767 639 855 736 quod
876 638 904 710 si
923 655 1076 711 econtra
1094 640 1138 712 de
1157 640 1289 740 aliquo

313 749 439 822 tributo
466 749 573 820 solum
611 748 783 821 dubitetur
814 774 855 818 an
887 749 931 820 sit
961 752 1178 822 excessivum
1217 779 1291 849 qua

313 878 409 958 parte
435 861 616 957 prudenter
641 859 782 932 iudicari
812 877 921 956 potest
944 886 1020 932 esse
1037 861 1164 934 iustum
1188 882 1289 935 certo

315 971 511 1045 solvendum
540 988 607 1054 est,
638 987 670 1042 ct
697 969 804 1046 solum
833 971 868 1040 in
894 997 976 1043 casu
1002 992 1094 1045 esset
1120 975 1290 1071 quaestio

315 1112 358 1157 an
384 1085 484 1156 etiam
512 1082 712 1154 solvendum
746 1084 791 1154 sit
824 1083 936 1181 quoad
969 1102 1096 1181 partem
1132 1087 1176 1158 de
1213 1113 1288 1182 qua

315 1195 490 1266 dubitatur
516 1219 558 1264 an
587 1194 631 1264 sit
656 1193 841 1266 excessiva.

389 1310 438 1381 Ad
466 1309 698 1407 quaestionem
718 1309 822 1404 igitur
840 1308 958 1406 triplex
978 1309 1075 1382 adest
1094 1311 1287 1407 praecipua

317 1420 494 1494 sententia:
516 1422 567 1489 1³.
589 1419 678 1490 Dicit
706 1419 865 1490 tributum
895 1445 971 1491 esse
997 1418 1200 1491 solvendum
1222 1449 1287 1518 pro

316 1547 389 1604 rata
414 1530 509 1602 dubii
536 1555 577 1600 ne
602 1557 642 1602 ex
668 1543 747 1600 una'
763 1546 857 1627 parte
883 1529 912 1602 si
940 1557 959 1601 a
981 1528 1150 1600 solutione
1169 1531 1285 1604 tribu-

315 1659 424 1716 torum
451 1639 629 1710 dubiorum
649 1638 802 1710 subditos
820 1639 956 1710 omnino
975 1638 1134 1712 absolvas
1154 1667 1285 1714 noceas

316 1749 461 1851 principi
488 1750 540 1821 cui
572 1748 715 1821 sortasse
742 1748 927 1820 debeantur
952 1765 985 1820 et
1014 1746 1057 1820 ab
1083 1747 1285 1824 obedientia

315 1863 364 1935 illi
397 1862 510 1935 debita
536 1861 691 1934 subditos
717 1861 842 1932 iniuste
873 1860 1076 1946 subtrahas,
1107 1878 1140 1931 et
1167 1888 1213 1934 ne
1241 1891 1284 1936 ex

317 1973 422 2046 altera
448 1972 477 2046 si
505 1972 547 2045 ad
575 1973 741 2067 integram
768 1971 969 2044 solutionem
998 1971 1153 2044 subditos
1176 1998 1285 2070 cogas

316 2086 477 2158 damnum
497 2085 572 2157 istis
592 2085 716 2157 inieras
733 2085 791 2183 qui
811 2111 850 2156 ea
869 2083 1012 2156 sortasse
1029 2109 1096 2154 non
1114 2083 1279 2158 debeant.

317 2181 441 2268 Auctor
467 2194 569 2268 huius
597 2195 783 2266 sententiae
808 2212 860 2266 est
876 2194 1018 2266 Bittuart
1034 2210 1068 2266 et
1085 2193 1180 2266 illam
1201 2224 1283 2294 pro·
1309 2275 1310 2304 q

317 2306 463 2378 babilam
492 2305 574 2377 dicit
598 2305 752 2390 Bouvier;
771 2304 829 2377 sed
858 2331 924 2378 uon
943 2306 1077 2378 videtur
1095 2307 1171 2378 sine
1190 2289 1283 2379 'diffi-

318 2418 453 2490 cubate.
482 2419 565 2490 Natu
592 2418 675 2516 quid
702 2419 730 2490 si
761 2418 874 2491 tributi
901 2444 1006 2492 causa
1032 2420 1074 2490 de
1101 2421 1201 2494 cuius
1228 2423 1281 2494 iu·

318 2529 411 2600 stitia
436 2528 610 2600 dubitatur
629 2528 848 2602 indivisibilis
867 2529 929 2602 sit?
947 2531 1029 2630 quid
1048 2531 1076 2603 si
1097 2548 1280 2631 postquam

318 2637 480 2710 tributum
500 2663 560 2734 pro
579 2656 650 2710 rata
670 2641 855 2740 perceperit
878 2641 1034 2740 princeps
1052 2640 1138 2712 illud
1157 2643 1280 2715 iterum

319 2748 448 2824 indicat
472 2748 515 2820 ad
543 2749 861 2848 reliquampartem
889 2751 1124 2850 reportandam
1153 2780 1279 2853 usque·

319 2858 399 2931 dum
427 2859 590 2954 integram
618 2887 785 2932 summam
812 2862 997 2934 secundum
1025 2862 1204 2960 pristinam
1222 2891 1280 2938 ae·
1309 2857 1310 2946 i

321 2973 547 3046 stimationem
575 2974 765 3074 acceperit?
1309 2959 1310 2976 ἶ

396 3085 444 3155 ἳὲ.
477 3084 643 3156 Sententia
668 3085 767 3158 valde
792 3085 977 3184 probabilis
1003 3085 1086 3157 dicit
1117 3087 1279 3161 tributum

319 3217 396 3266 esse
422 3192 550 3288 integre
577 3193 775 3267 solvendum
801 3209 834 3266 et
861 3194 1016 3282 fideliter,
1039 3196 1111 3268 sive
1137 3197 1278 3271 dubium

321 3304 367 3375 sit
394 3304 585 3400 negativum
615 3305 658 3400 (si
686 3321 796 3378 tamen
822 3305 887 3378 hoc
913 3306 1052 3378 dubium
1075 3333 1153 3379 vere
1171 3324 1279 3407 potest
1309 3341 1310 3408 3

320 3416 393 3488 dari
422 3415 557 3514 dequo
583 3416 688 3516 aliqui
723 3419 895 3516 sapientes
924 3419 1105 3516 dubitant)
1134 3435 1171 3491 ut
1202 3446 1278 3494 cum
1309 3427 1310 3480 Ῑ

320 3529 453 3603 scilicet
484 3530 657 3603 dubitatur
691 3531 733 3604 de
764 3533 893 3606 iustitia
928 3531 1044 3606 tributi
1076 3531 1206 3633 absque
1235 3562 1278 3609 eo

323 3642 415 3739 quod
443 3643 488 3715 sit
512 3642 628 3741 aliqua
654 3645 738 3718 ratio
766 3645 1052 3746 probabilispro,
1083 3665 1140 3723 aut
1164 3664 1278 3724 contra
