2640 4430
459 329 617 389 -81-
727 377 729 380 .

44 437 151 510 illius
177 435 342 509 iustitiam
360 434 432 507 sive
449 432 590 504 dubium
610 431 655 504 sit
673 434 871 530 positivum*
887 455 925 511 ut
942 464 1021 512 cum

45 551 232 625 dubitatur
249 564 384 648 propter
410 547 556 620 rationes
580 545 659 618 hinc
676 563 708 619 et
725 548 805 622 inde
824 551 1019 649 probabiles

42 665 147 737 circa
174 661 289 735 tributi
317 660 494 735 iustitiam.
516 657 600 730 Cum
626 659 796 733 enimres
822 681 873 736 est
898 691 938 737 ex
957 655 1021 738 'ae-

45 802 123 875 quo
142 775 249 846 dubia
270 774 330 869 (ait
347 771 482 872 Sylvius
500 769 609 843 concl.
625 773 675 866 6.)
693 771 819 845 debent
836 775 963 848 subditi
982 803 1020 850 se

45 887 267 962 conformare
291 885 419 958 iudicio
445 883 657 982 superiorum
686 909 746 982 pro
763 885 891 984 quibus
909 889 1019 984 magis

10 1032 13 1038 ¹
44 999 339 1100 praesumendum
366 998 535 1095 estquod
561 997 648 1068 iuste
675 1013 776 1093 agant
801 1024 903 1097 quam
927 1001 1020 1098 quod

43 1115 192 1198 iniuste,
222 1137 283 1184 nec
308 1137 424 1185 eorum
450 1111 643 1186 factasunt
669 1135 730 1208 per
755 1113 911 1187 subditos
938 1125 1019 1186 exa*-

45 1223 231 1310 minanda‚
252 1248 314 1296 nec
339 1247 486 1320 semper,
517 1220 648 1293 addunt
673 1219 751 1308 alii,
783 1222 912 1295 subditi
940 1249 1019 1323 pos-

43 1353 134 1409 sunt
159 1358 363 1430 cognoscere
389 1357 506 1406 omnes
542 1331 636 1428 regni
672 1333 919 1421 necessitates,
950 1336 1017 1408 imo

44 1472 116 1519 nec
146 1445 265 1532 decet;
295 1442 432 1516 aliunde
458 1468 588 1541 aequus
615 1441 698 1514 crdo
719 1451 759 1514 'et
785 1469 850 1542 pax
881 1443 1018 1544 publica

44 1559 227 1658 postulant
252 1575 290 1630 ut
315 1555 440 1630 subditi
459 1582 593 1654 semper
612 1572 753 1654 pareant
776 1557 911 1654 legibus
930 1585 1017 1658 quae

44 1698 119 1746 non
147 1670 217 1744 sint
241 1669 415 1743 evidenter
440 1667 600 1742 iniustae.
623 1668 782 1755 Bcuvier‚
804 1669 947 1743 Alesia(

127 1786 181 1854 3³.
207 1781 349 1854 Demum
376 1781 545 1855 sententia
570 1781 670 1853 etiam
696 1780 796 1855 valde
830 1781 1016 1880 probabilis

44 1913 80 1967 et
108 1895 254 1969 fortasse
279 1890 496 1992 probabilior
514 1909 614 1988 negat
640 1892 675 1962 in
702 1917 785 1963 casu
803 1895 1016 1989 quaestionis

46 2028 127 2078 csse
155 2003 316 2077 tributum
343 2000 542 2076 solvendum
569 2001 641 2074 sive
660 2001 786 2102 pariter
811 2000 952 2075 dubium
971 2005 1016 2077 sit

45 2115 260 2212 negativum,
282 2114 353 2187 sive
379 2129 413 2187 et
438 2113 621 2213 praecipue
649 2113 679 2185 si
706 2112 848 2184 dubium
875 2114 928 2187 sit'
946 2141 1026 2214 pc·-

45 2227 209 2310 sitirem,
240 2223 322 2322 quia
353 2223 388 2294 in
415 2221 520 2296 dubio
546 2226 579 2296 ei
605 2223 664 2322 qui
692 2223 776 2323 petit
802 2226 1014 2324 semper'in-

44 2334 180 2409 cumbit
197 2359 283 2408 onus
303 2333 484 2433 probandi;
505 2359 582 2408 cum
600 2359 679 2432 ergo
697 2334 858 2434 princeps
878 2336 912 2407 in
931 2362 1013 2412 casu

43 2447 124 2546 ipse
150 2447 195 2519 sit
219 2445 278 2545 qui
306 2460 399 2545 petat
415 2445 579 2542 exigendo
598 2444 773 2533 tributum,
798 2447 866 2544 ipsi
886 2447 1015 2520 incum-

42 2557 97 2630 bit
114 2581 202 2629 0nus
221 2554 388 2654 probandi
416 2553 498 2626 illud
516 2557 750 2643 semiustum,
772 2557 864 2654 quod
883 2583 1013 2657 quous·

42 2697 114 2772 que
133 2694 199 2742 non
218 2668 410 2769 probaverit
427 2693 494 2741 non
513 2685 645 2742 tenetur
662 2670 820 2745 subditus
838 2669 922 2742 illud
943 2671 1012 2744 sol'·

38 2811 125 2859 vere
151 2808 191 2856 eo
215 2783 266 2856 vel
293 2782 402 2878 magis
436 2782 527 2881 quod
545 2783 619 2857 'iste
645 2797 697 2857 est
724 2785 758 2855 in
792 2785 1011 2883 possessione

40 2894 243 2969 facultatum
271 2919 409 2969 suarum
434 2910 467 2967 et
484 2894 707 2970 immunitatis
726 2922 746 2970 a
765 2893 903 2982 tributo,
926 2894 1011 2967 iam-

38 3032 127 3082 vero
152 3006 187 3077 in
213 3005 317 3080 dubio
334 3003 522 3080 meliorest
539 3006 688 3081 conditio
706 3006 927 3107 possidentis;
949 3005 1010 3078 ad-

39 3115 189 3192 ducitur
208 3117 309 3190 etiam
335 3115 559 3190 communiter
585 3143 646 3216 pro
670 3117 736 3191 hac
773 3115 941 3191 sententia
966 3114 1005 3187 G.

39 3230 202 3305 Pervenit
226 3229 270 3302 de
294 3229 467 3318 censibus,
487 3228 547 3302 ubi
573 3229 697 3304 dicitur
714 3231 757 3302 in
783 3229 875 3302 omni
902 3253 1008 3302 censu

39 3357 200 3441 oportere
226 3358 263 3414 ut
288 3341 331 3415 ad
357 3340 440 3440 quid
467 3356 500 3413 et
528 3341 668 3441 quando
703 3339 851 3441 persolvi
887 3338 1011 3415 debeat

38 3453 257 3555 praesciatur
282 3469 317 3526 et
331 3449 378 3524 ²0.
403 3451 607 3552 Quanquam
638 3452 756 3527 eodem
783 3449 879 3524 titulo
906 3451 941 3521 in
970 3452 1005 3520 6.

39 3561 104 3638 ubi
130 3563 256 3636 dicitur
281 3562 450 3653 similiter,
476 3562 697 3662 pedagiorum
723 3562 914 3636 exactiones
940 3575 1011 3632 tam

41 3675 122 3750 iure
143 3673 433 3778 canonico'quam
444 3673 539 3751 cirili
556 3673 755 3776 regulariter
772 3699 849 3751 esse
866 3672 1011 3746 damna*

868 3785 889 3850 6
