2640 4430
552 141 555 149 Ι
602 33 624 108 Ι

432 337 485 363 ‘-
506 320 544 377 bd
567 351 604 363 -

29 426 137 526 quod
165 424 208 497 ad
235 424 336 496 aliam
365 424 572 523 provinciam
601 422 734 508 transit,
756 437 789 493 ct
806 421 856 492 sic
871 419 1004 492 videtur

34 538 129 610 huic
157 535 350 634 provinciae
367 536 496 620 amitti,
518 533 641 607 redibit
657 550 690 604 et
712 534 761 605 sic
779 531 863 605 haec
884 529 1002 602 eadem

33 649 220 748 provincia
235 647 420 720 lucrabitur
432 649 465 720 in
478 675 517 721 eo
534 645 623 746 quod
638 645 726 719 etad
741 646 848 744 ipsam
864 642 1005 714 transiet

35 786 80 831 cx
101 757 243 830 mulctis
262 783 349 855 quae
367 757 448 828 alibi
469 758 654 842 solvuntur,
676 771 708 828 ct
733 755 762 826 si
781 779 846 826 non
864 779 1003 850 compu-

37 887 137 942 tatur
163 870 197 939 in
217 867 418 941 solutionem
445 868 558 940 tributi
582 867 673 966 quod
695 885 745 939 est
762 866 895 937 occasio
915 864 1002 937 mul-

36 998 133 1064 ctae,
156 979 405 1076 computabitur
429 997 540 1052 tamen
567 1005 607 1050 ue
634 1004 719 1050 nova
746 975 869 1048 tributa
896 976 1004 1072 impo-

41 1107 193 1175 nantur,
223 1117 310 1189 quae
340 1091 373 1161 in
399 1115 579 1187 gravamen
607 1099 643 1160 'et
673 1088 803 1160 illorum
831 1087 1004 1158 venissent

37 1204 102 1301 qui
135 1201 296 1274 tributum
328 1203 455 1299 integre
485 1202 677 1283 solverunt,
711 1219 744 1273 et
776 1205 835 1300 qui
863 1199 1005 1299 proinde

38 1315 111 1386 'hoc
138 1314 350 1386 commodum
378 1317 538 1400 sentiunt,
560 1341 602 1386 ne
627 1340 711 1387 nova
733 1314 856 1386 tributa
875 1313 1004 1386 solvere

40 1443 225 1523 cogantur.

124 1536 189 1608 Sed
215 1537 384 1636 quidquid
411 1538 456 1609 sit
481 1539 524 1608 de
551 1537 614 1609 bac
640 1538 925 1637 compensatione,
944 1538 1005 1608 scr·

43 1653 114 1724 tior
135 1652 318 1750 'responsio
335 1651 604 1724 adversariorum
623 1665 819 1746 argumento
842 1650 921 1722 data
938 1668 1002 1737 est,

45 1764 133 1834 dum
161 1763 328 1845 diximus,
359 1761 569 1834 fraudantem
597 1762 735 1848 tributa,
765 1760 890 1833 nuliam
918 1762 1008 1832 iniu-

47 1875 136 1946 riam
157 1874 280 1944 inferre
297 1873 493 1946 concivibus
513 1875 598 1960 suiS,
620 1901 658 1947 eo
685 1874 776 1971 quod
804 1891 917 1947 utatur
935 1877 1008 1949 iure

46 2010 129 2056 suc.
152 1985 229 2055 iure
254 2000 365 2056 autem
392 2009 454 2057 suo
480 1989 529 2057 uti
562 2002 653 2084 patet
683 2011 723 2056 er
751 1985 1007 2083 probationibus

46 2095 224 2166 secundae
240 2095 449 2181 ‘sermotiem
481 2121 569 2196 quae
595 2094 737 2194 probant
762 2095 869 2194 legem
894 2094 1008 2166 tribu*

49 2222 161 2277 torum
188 2231 264 2279 csse
291 2231 375 2303 pure
401 2209 588 2306 poenalem,
609 2227 642 2281 et
671 2225 786 2282 contra
816 2233 904 2305 quus
932 2233 1008 2308 pro-

50 2314 207 2389 bationes
234 2344 301 2391 non
326 2319 450 2392 evincit
470 2320 741 2394 adversariorum
758 2336 1006 2416 argumentum.

46 2427 178 2501 'Saltem
204 2434 359 2530 quaestio
388 2455 522 2533 sempor
551 2436 614 2506 erit
642 2432 780 2516 endem,
808 2431 941 2503 ‘sci-licet
966 2429 1009 2502 de

51 2539 163 2625 facto,
192 2563 314 2641 nempe
335 2569 383 2616 ¹au
412 2544 464 2616 len
492 2545 634 2618 voluerit
661 2545 724 2616 hoc
746 2542 799 2617 vel
825 2542 883 2614 ilio
909 2542 1008 2614 modo

48 2651 168 2748 potius
191 2649 367 2749 obligare;
400 2678 478 2728 nam
504 2657 672 2758 loquendo
701 2653 743 2725 de
773 2651 929 2751 possibili
959 2652 1011 2723 vi·

48 2761 155 2833 detur
180 2785 247 2835 nun
276 2767 542 2864 pusseneguri,
574 2775 683 2867 neque
708 2767 742 2838 in
769 2791 850 2840 cusu
870 2766 917 2837 de
941 2785 1009 2862 quc

51 2873 88 2943 in
119 2893 314 2969 argumento
333 2875 620 2963 edversariorum,
643 2898 743 2978 posse
765 2877 875 2974 legem
900 2875 1008 2948 solum

49 2982 207 3078 obligare
236 2984 279 3055 ad
306 3008 460 3086 poenam
489 2987 553 3062 hoc
578 2988 706 3062 nuliam
736 2987 876 3062 invoivit
903 3013 1009 3086 repu-

50 3093 250 3191 gnantium,
282 3119 361 3170 nam
386 3097 480 3173 nullo
506 3101 604 3174 modo
634 3099 776 3174 lanista
801 3113 952 3197 vergeret
976 3099 1012 3168 in

50 3205 169 3277 maius
194 3207 297 3280 nnius
323 3235 503 3307 gravamen
529 3237 569 3284 ac
596 3211 748 3299 alterius,
770 3237 875 3312 quum
903 3211 1012 3284 omni·

51 3319 122 3391 bus
150 3320 292 3392 eundem
314 3321 500 3396 libertatum
527 3324 701 3422 relinqunt
724 3325 777 3398 vel
803 3325 931 3422 integre
948 3322 1013 3397 sci·-

53 3434 184 3522 rnndi,
207 3435 260 3508 vol
288 3459 377 3522 non,
406 3457 482 3509 oum
508 3436 659 3534 periculo
673 3433 797 3510 'tamen
832 3436 1014 3511 solvendae

56 3545 215 3632 mulum,
235 3563 269 3620 et
287 3545 380 3618 nibil
400 3546 498 3620 αἴτιά
522 3547 656 3622 obstare
673 3547 890 3647 probnvimun
902 3567 1014 3645 supra

55 3656 92 3729 iu
113 3655 339 3756 responsione
357 3656 407 3733 ud
425 3657 578 3758 primunr
592 3674 630 3734 ct
646 3653 834 3737 secundum
850 3659 1014 3736 adtem-
1077 3667 1085 3688 ⁸
