2640 4430
723 321 760 340 „-
782 289 821 350 20
843 320 880 338 ..-

325 397 406 469 buta
432 393 580 468 fraudari
613 395 806 468 nullomodo
837 396 969 492 possint
1002 419 1078 466 oum
1106 395 1140 466 in
1168 394 1293 468 tributi

325 506 538 580 securitatem
578 505 700 578 luodus
741 505 951 604 hypothecae
986 503 1212 589 subiiciatur,
1255 524 1294 578 et

324 618 392 688 iam
419 615 578 688 oblano
605 617 764 690 rationem
796 617 838 688 de
864 616 940 688 istis
967 614 1086 686 inutile
1111 634 1206 688 esset
1233 618 1293 688 di-

325 742 474 825 sputare.

319 863 326 880 ·
399 839 500 910 Hisce
530 839 745 936 praemissis;
775 837 947 910 venientes
974 838 1015 908 ad
1043 837 1293 933 obligationem

325 953 359 1023 in
386 950 594 1023 conscientia
621 949 773 1021 solvendi
802 935 869 1020 alia
890 949 1014 1020 tributa
1034 950 1176 1020 maxime
1195 976 1294 1046 qnae

324 1081 425 1161 prout
451 1063 517 1132 iam
545 1061 631 1132 solet
655 1086 731 1132 esse
758 1059 827 1132 lere
852 1059 1078 1132 de'omnibus
1106 1060 1295 1156 imponun-

321 1189 380 1244 tur
407 1199 466 1268 per
491 1171 597 1265 legem
625 1197 711 1268 qnae
741 1197 882 1268 poenam
911 1169 1125 1266 temporalem
1159 1172 1295 1268 inlligit

314 1311 392 1380 ‚non
419 1282 639 1365 solventibnS,
670 1283 794 1380 duplex
821 1283 921 1354 datur
945 1282 1178 1377 theologorum
1209 1311 1293 1356 sen·

326 1412 441 1468 tentia.

569 1543 709 1612 Ponitur
729 1542 840 1639 primo
861 1543 1036 1612 sententia„

313 1805 319 1814 ἢ
398 1718 509 1790 Prima
542 1719 707 1791 sententia
736 1717 821 1790 dicit
853 1717 967 1790 deberi
1005 1724 1040 1788 in
1074 1719 1295 1794 conscientia

324 1845 401 1904 ante
426 1855 559 1902 omnem
585 1827 709 1900 iudicis
736 1828 949 1914 sententiam,
967 1845 1000 1900 et
1017 1828 1123 1925 legem
1142 1828 1206 1902 illa
1227 1832 1294 1902 im-

323 1955 502 2040 ponentem
529 1965 605 2012 esse
632 1940 876 2038 praeceptivam
897 1965 962 2012 non
982 1940 1092 2013 solum
1109 1941 1145 2010 in
1163 1942 1294 2015 ordine

323 2051 366 2126 ad
393 2051 559 2124 obiectum
586 2065 749 2122 remotum
777 2075 837 2122 seu
864 2076 1021 2148 poenam,
1039 2050 1099 2122 sed
1126 2050 1237 2124 etiam
1259 2054 1293 2124 in

322 2163 442 2235 ordine
468 2160 510 2232 ad
538 2158 705 2232 obiectum
731 2161 920 2258 proximum
954 2159 1043 2235 idest
1075 2159 1294 2236 solutionem

322 2272 522 2344 tributorum
551 2296 610 2367 pro
635 2269 793 2342 omnibus
822 2269 921 2342 rebus
948 2297 968 2343 a
993 2270 1067 2368 lege
1100 2273 1230 2346 taxatis
1262 2290 1297 2347 et

321 2383 358 2456 in
384 2380 541 2454 omnibus
567 2381 830 2460 circumstantiis
863 2408 884 2456 a
917 2381 991 2480 lege
1025 2381 1292 2473 determinatis,

275 2588 276 2594 η
321 2491 468 2590 ideoque
501 2490 565 2564 suh
597 2490 697 2590 culpa
732 2491 955 2580 servandam,
985 2493 1149 2569 solvendo
1184 2522 1296 2576 omne

310 2602 562 2698 ¹quodcumque
579 2601 740 2676 tributum
758 2601 814 2682 lex
831 2603 1003 2690 decernat,
1025 2603 1098 2678 sire
1111 2604 1298 2686 directum

310 2711 377 2806 ¹sit,
399 2711 472 2782 sive
490 2709 704 2798 indirectum,
721 2713 767 2786 ita
793 2729 831 2787 ut
854 2715 1064 2813 quicumque
1081 2715 1227 2814 aliquod
1251 2745 1299 2792 ex

320 2822 390 2894 illis
416 2820 634 2909 fraudaverit,
657 2841 771 2920 peccet
796 2826 941 2920 graviter
960 2826 1095 2901 ratione
1120 2833 1299 2904 materiae

321 2950 354 3006 et
379 2951 531 3009 teneatur
549 2934 599 3006 ad
627 2935 884 3010 restitutionem.

395 3046 517 3118 Notant
532 3063 640 3118 tamen
655 3048 877 3120 communiter
889 3048 1160 3124 valdemaiorem
1176 3079 1300 3151 quan·

306 3157 518 3242 ,titatemad
534 3158 674 3233 mortale
691 3157 725 3228 in
746 3158 808 3232 hac
826 3160 965 3233 materia
984 3161 1124 3259 requiri,
1147 3188 1189 3236 ac
1212 3171 1302 3243 suf-

305 3267 436 3345 turn
460 3269 491 3342 si
516 3286 671 3366 ageretur
696 3269 738 3348 de
763 3270 852 3344 lurto
879 3271 913 3342 in
939 3271 1099 3348 damnum
1132 3271 1301 3356 alicuius

310 3395 453 3478 privati.

309 3549 312 3554 .
376 3488 488 3563 ..Hanc
503 3490 714 3568 ,sententiam
741 3491 886 3589 probant
902 3492 1185 3578 oinsassertores
1204 3499 1303 3597 plu.

317 3597 595 3678 ribusadductis
621 3603 842 3700 argumentis,
862 3605 962 3678 et·1⁰.
980 3605 1191 3694 nuounnte
1214 3635 1302 3690 wsa-
