2640 4430
707 337 744 350 ..
767 305 807 366 24
831 337 868 350 ..

308 411 635 510 administrationis,
665 428 697 483 et
732 408 924 482 subsidium
961 411 1194 483 necessarium
1228 414 1265 485 ad

310 523 596 596 conservationem
628 521 784 620 publicae
808 519 1074 620 tranquillitatis,
1096 522 1162 595 boc
1179 524 1266 595 enim

310 635 465 734 sequitur
490 659 529 706 ex
556 633 633 732 ipsa
659 648 780 704 natura
806 631 991 704 societatis.

384 744 472 840 Ergo
502 742 639 843 quando
671 744 754 816 baec
785 742 947 839 obligatio
976 760 1028 816 est
1051 743 1087 813 in
1115 743 1265 840 singulas

310 852 516 954 reipublicae
535 870 647 952 partes
666 852 859 940 distributa,
883 871 916 925 et
939 853 1113 950 assignata
1137 856 1267 927 unicui-

311 995 377 1069 que
403 983 454 1040 est
476 993 538 1038 sua
567 966 687 1065 portio,
708 982 741 1037 et
765 965 1008 1038 determinatae
1034 983 1114 1037 sunt
1140 991 1206 1051 res,
1228 993 1265 1038 ex

311 1078 437 1180 quibus
462 1077 624 1150 solvenda
650 1077 707 1162 sit,
729 1077 855 1172 singuli
874 1093 1031 1149 tenentur
1049 1076 1141 1149 illam
1160 1105 1199 1150 ex
1218 1079 1268 1150 iu-

311 1191 403 1264 stitia
420 1189 562 1262 solvere.
574 1188 700 1261 Eadem
724 1189 812 1260 enim
832 1188 1047 1286 obligatione,
1061 1217 1128 1288 qua
1141 1190 1268 1289 Respu-

310 1300 401 1375 blica
431 1317 561 1375 tenetur
586 1302 620 1372 in
648 1327 769 1396 genere
795 1299 837 1372 ad
865 1316 1022 1398 sumptus
1043 1303 1263 1388 necessarios,

311 1430 467 1486 tenentur
492 1413 616 1511 singuli
645 1413 679 1483 in
707 1411 900 1508 particulari
934 1412 975 1482 ad
1007 1438 1104 1484 suam
1142 1429 1267 1510 partem

311 1524 398 1621 ipsis
424 1523 538 1595 debito
564 1521 664 1594 modo
690 1522 912 1617 assignatam
935 1549 1041 1620 quare
1059 1549 1134 1594 cum
1154 1523 1269 1619 singu·

310 1632 354 1704 lis
381 1633 572 1729 assignetur
598 1658 662 1704 sua
681 1657 759 1728 pars
778 1657 837 1730 per
856 1631 921 1704 tale
938 1632 1093 1728 vectigal,
1116 1649 1270 1704 tenentur

312 1743 437 1839 singuli
465 1740 537 1838 lege
562 1742 713 1814 iustitiae
739 1742 804 1813 tale
829 1742 971 1838 vectigal
998 1744 1139 1816 solvere.

377 1853 602 1927 Confirmatur
612 1854 754 1925 ulterius
765 1880 805 1925 ex
815 1853 931 1926 eodem
944 1854 1058 1927 Lessio
1072 1857 1129 1949 (to
1139 1857 1176 1952 ..l
1188 1857 1214 1926 N
1219 1883 1268 1927 arn

311 1965 403 2062 leges
429 1963 628 2038 tributorum
657 1990 721 2037 non
751 1980 878 2036 tantum
906 1981 1070 2050 statuunt,
1094 1965 1145 2038 vel
1176 1993 1269 2064 prae·

310 2077 455 2176 cipiunt,
476 2077 559 2176 quid
579 2077 624 2150 sit
641 2076 822 2174 agendum,
846 2077 904 2149 sed
924 2078 1025 2148 etiam
1044 2077 1270 2149 determinant

310 2191 435 2261 iustum
463 2188 668 2287 stipendium
696 2187 883 2286 Principis,
913 2188 964 2260 vel
997 2189 1189 2261 subsidium
1226 2190 1266 2262 ad

311 2325 413 2371 onera
440 2298 573 2396 publica
600 2298 736 2370 serenda
764 2301 1019 2372 necessarium:
1051 2327 1157 2398 qnare
1186 2302 1270 2372 sicut

310 2410 397 2482 aliae
423 2409 527 2509 legeS,
546 2407 672 2506 quibus
701 2410 829 2506 praetia
857 2436 965 2482 rerum
986 2410 1266 2494 determinantur,

310 2519 461 2617 obligant
488 2520 521 2590 in
549 2521 776 2603 conscientia,
805 2521 937 2593 etiamsi
975 2520 1102 2592 nullum
1130 2522 1270 2595 verbum

312 2624 565 2727 praeceptivum
593 2630 753 2715 habeant,
772 2632 817 2702 ita
844 2633 942 2703 etiam
971 2630 1061 2727 leges
1088 2650 1119 2703 et
1146 2648 1271 2705 statuta

310 2737 539 2834 vectigalium.

385 2851 500 2948 Neque
526 2865 641 2922 contra
669 2850 756 2923 hanc
787 2850 1024 2947 obligationem
1062 2854 1184 2950 poterit
1211 2853 1272 2925 ali-

311 2982 380 3058 qua
406 2960 613 3033 consuetudo
649 2961 864 3059 praevalere3
896 2989 1005 3061 neque
1038 2963 1126 3034 enim
1162 2981 1274 3061 potest

311 3071 558 3143 consuetudine
584 3072 763 3156 introduci,
785 3073 876 3170 quod
895 3073 974 3169 Regi
995 3100 1060 3146 non
1080 3075 1278 3170 assignetur

311 3179 485 3253 sufficiens
512 3181 716 3281 stipendium
746 3209 804 3280 pro
831 3210 880 3270 se,
902 3199 935 3256 et
961 3210 1020 3284 pro
1041 3183 1190 3281 publicis
1218 3211 1277 3256 ne-

310 3292 527 3365 cessitatibus
546 3293 771 3377 sustinendis,
785 3313 824 3366 ut
836 3296 938 3394 Vasq.
949 3295 1038 3394 apud
1054 3297 1145 3390 Lugo
1162 3295 1271 3393 (ld).

385 3405 608 3502 2⁰.·lnsuper
639 3402 728 3500 leges
761 3406 871 3478 iustae
903 3424 934 3478 et
970 3423 1148 3504 praecepta
1183 3407 1276 3478 iusta

310 3517 523 3612 superiorum
542 3511 692 3608 obligant
710 3515 908 3614 simpliciter
925 3533 958 3589 et
975 3515 1128 3589 absolute
1146 3515 1182 3586 in
1202 3516 1277 3589 loro

306 3623 550 3710 conscientiae,
572 3648 646 3694 cum
668 3625 813 3722 primum
832 3624 956 3698 luerint
974 3625 1182 3699 sufficienter
1200 3652 1278 3726 pro·
