2640 4430
726 338 763 354 ...
785 310 824 368 34
846 341 883 354 ..

326 436 376 492 ter
401 418 506 514 legem
533 441 616 514 pure
643 415 838 514 poenalem,
869 415 956 487 idest
987 443 1076 516 quae
1105 422 1278 494 constituit

327 555 469 631 poenam
500 527 629 626 absque
646 526 761 625 aliqua
781 523 1020 625 prohibitione,
1042 546 1073 601 et
1092 529 1200 626 legem
1223 534 1279 602 mi·

326 658 538 738 actamquae
564 638 721 736 prohibet
745 655 778 710 et
810 663 950 736 poenam
982 639 1143 712 decernit.
1171 643 1213 714 At
1238 643 1278 715 le·

327 779 400 852 gem
431 779 512 850 pure
540 750 711 848 poenalem
738 767 867 821 tantum
894 748 1043 846 obligare
1062 752 1103 823 ad
1125 779 1274 850 poenam,
1305 757 1306 828 l

326 881 428 963 prout
453 865 518 934 iam
546 862 730 947 innuimus,
757 877 808 932 est
834 861 987 933 doctrina
1014 864 1097 936 satis
1126 883 1274 962 recepta,
1305 849 1306 884 ³

327 1001 406 1074 ergo
432 977 521 1048 idem
549 974 611 1046 orit
629 973 809 1044 dicendum
829 972 961 1069 delego
981 975 1096 1059 mixta,
1118 977 1274 1074 eoquod,

325 1088 432 1172 aiunt,
455 1113 520 1158 non
547 1085 776 1180 distinguatur
793 1111 812 1155 a
832 1111 914 1182 pure
933 1084 1064 1184 poenali
1085 1087 1151 1157 nisi
1170 1087 1277 1184 quoad

323 1201 503 1274 verborum
532 1198 682 1269 sormam.

400 1310 562 1384 Probatur
581 1312 630 1380 3⁰.
658 1309 739 1408 quia
757 1307 835 1379 dato
857 1306 948 1406 quod
968 1307 1059 1403 leges
1079 1308 1204 1381 tributa
1223 1309 1278 1380 im-

324 1417 490 1527 ponentes
523 1420 664 1493 voluerit
695 1417 845 1514 obligare
881 1419 916 1489 in
945 1418 1153 1490 conscientia
1183 1421 1278 1491 etiam

324 1539 370 1612 ad
395 1537 562 1610 obiectum
589 1532 734 1631 primum
760 1545 793 1601 et
818 1529 944 1601 luerint
969 1529 1125 1617 morales,
1153 1530 1279 1603 videtur

325 1648 415 1750 quod
443 1663 558 1720 eontra
583 1641 660 1714 illas
687 1656 854 1740 quatenus
881 1640 1125 1740 praecipientes
1144 1641 1279 1714 tributo-

324 1782 399 1832 rum
426 1756 626 1830 solutionem
652 1753 687 1824 in
713 1751 920 1824 conscientia
946 1768 1024 1823 ante
1049 1750 1173 1823 iudicis
1200 1777 1279 1824 sen-

325 1868 465 1943 tentiam
493 1863 683 1965 praevaleat
708 1862 930 1936 eonsuetudo.
949 1862 1031 1933 Nam
1060 1862 1160 1934 sicuti
1179 1860 1232 1933 lex
1251 1863 1279 1932 in

325 1977 435 2051 nihilo
461 1991 594 2075 recepta
618 1973 670 2044 vel
698 1973 731 2043 in
759 1988 828 2045 toto
847 1969 1007 2067 abrogata
1025 1970 1059 2042 in
1078 1969 1281 2044 nihiloobti-

325 2107 394 2187 gat,
420 2090 467 2161 ite
493 2087 546 2159 lex
564 2086 598 2156 in
615 2111 684 2156 una
703 2082 813 2156 solum
832 2073 926 2181 parte
944 2082 1151 2180 recepta,vel
1172 2082 1280 2180 quoad

216 2201 220 2208 '
324 2225 442 2274 omnes
468 2197 554 2270 alias
580 2211 694 2293 partes
720 2192 881 2288 abrogata
907 2191 942 2264 in
964 2191 1023 2263 illa
1041 2205 1171 2264 tantum
1192 2211 1281 2291 perte

324 2309 511 2406 obligabit,
544 2323 578 2379 et
609 2307 659 2378 sie
686 2320 796 2403 petest
820 2303 1015 2400 contingere
1044 2303 1137 2405 quod
1169 2304 1281 2403 aliqua

324 2419 379 2493 lex
404 2418 528 2515 obliget
553 2415 665 2517 quoad
692 2441 789 2488 suam
820 2412 1079 2512 dispositionem
1106 2415 1305 2515 prinoipe-x

325 2529 393 2603 le'm
419 2546 452 2603 et
476 2553 544 2602 non
570 2526 682 2626 quoad
713 2550 878 2624 poenam,
907 2524 961 2599 rel
991 2524 1159 2598 vicissim.
1191 2528 1305 2610 Nunc,

325 2665 404 2714 vero
421 2639 642 2723 consuetudo,
663 2637 707 2708 de
724 2663 793 2735 qua
809 2652 951 2710 testatur
968 2638 1151 2723 Navarrus,
1169 2638 1200 2710 si
1220 2663 1281 2710 non
1304 2611 1305 2702 l

325 2749 482 2823 valetud
510 2746 796 2848 interpretandam
822 2746 942 2842 legem,
970 2746 1056 2820 bene
1081 2747 1195 2820 valere
1222 2774 1283 2845 po-

324 2878 393 2935 test
417 2861 458 2932 ad
487 2859 789 2958 praescribendum
806 2874 922 2931 eontra
939 2859 1063 2956 ipsam,
1083 2876 1117 2931 et
1134 2885 1195 2957 per
1211 2885 1284 2930 con·

325 2971 542 3048 suetudinem
569 2993 670 3069 posse
695 2969 801 3066 legem
819 2967 987 3066 abrogari,
1005 2967 1120 3040 nullus
1137 2968 1281 3054 dubitat,

325 3097 359 3154 et
384 3079 477 3178 illam
503 3079 782 3153 consuetudinem
811 3078 970 3152 omnibus
1002 3079 1213 3179 temporibus
1240 3079 1286 3153 ri-

324 3190 444 3288 guisse
473 3191 682 3288 superfluum
713 3189 848 3262 videtur
880 3188 1040 3286 probare,
1067 3205 1100 3262 et
1138 3190 1284 3263 fetentur

320 3301 457 3402 passim
482 3301 555 3374 DD.
575 3300 733 3372 Duardus
758 3299 793 3371 in
817 3297 915 3371 Bulla
941 3299 1073 3375 Coenae
1101 3303 1283 3397 (ean.1l5.,

325 3413 459 3512 q.1t.).
479 3411 600 3498 Diana,
616 3408 738 3506 Vogler
753 3437 794 3482 ex
808 3426 916 3509 parte,
937 3425 971 3483 et
987 3411 1030 3484 de
1046 3428 1163 3485 nostra
1179 3427 1287 3486 aetate

323 3521 544 3596 ait‘llousset
564 3520 678 3619 (999.)
699 3521 733 3592 iu
753 3519 861 3594 Gallie
886 3547 962 3595 esse
987 3521 1182 3620 generalem
1208 3523 1287 3623 opi-

325 3633 475 3722 nionem,
496 3631 591 3731 quod·
608 3630 948 3708 illesolus-tenoatnr
964 3631 1107 3721 soluere,
1129 3633 1165 3708 la‘
1181 3635 1286 3732 regie,
