2640 4430
710 274 747 287 ..
771 244 809 301 18
831 274 868 286 ..

385 352 468 421 Nam
495 365 528 420 et
548 348 660 447 quoad
687 347 744 419 illa
772 347 895 420 tributa
921 374 980 448 pro
1011 373 1153 447 quorum
1183 349 1279 421 frau-

313 461 448 533 datione
475 459 526 532 lex
551 458 711 531 mulctam
731 459 865 554 inssigit,
887 475 919 532 et
936 457 979 531 de
992 447 1118 556 quibus
1138 461 1277 557 praeci-

313 598 381 670 pue
403 571 596 668 disputatur
608 597 651 642 an
665 569 699 639 in
714 569 921 642 conscientia
939 568 1138 657 debeantur,
1151 595 1276 643 omnes

314 683 502 756 concedunt
527 683 617 780 quod
645 681 674 752 si
693 680 818 778 aliquis
845 681 880 750 in
896 680 1040 753 'illorum
1059 673 1277 754 fraudatione

313 793 597 894 deprehendatur,
618 810 650 864 et
673 791 834 888 legittimo
861 791 987 863 iudicio
1011 790 1275 874 condemnetur,

311 923 390 1006 post
412 904 611 978 sententiam
630 903 752 975 iudicis
776 901 896 974 saltem
923 901 1142 986 definitivam,
1165 927 1185 973 a
1204 929 1279 1000 qua

313 1015 476 1116 appellari
509 1040 574 1085 non
603 1013 721 1110 possit,
744 1029 777 1116 et
802 1039 889 1110 quae
917 1010 1009 1082 nullo
1034 1011 1144 1082 valeat
1185 1012 1278 1084 iuris

314 1126 468 1198 remedio
482 1125 658 1208 infirmari,
679 1124 743 1194 iste
762 1139 892 1194 tenetur
910 1122 945 1192 in
972 1122 1180 1194 conscientia
1206 1122 1281 1194 sol-

291 1253 391 1309 've're
408 1250 512 1308 totum
532 1233 566 1304 id
593 1234 684 1332 quod
708 1260 767 1331 per
785 1232 985 1306 sententiam
1013 1233 1137 1304 iudicis
1160 1233 1282 1306 decer-

311 1347 423 1432 nitur,
446 1346 547 1416 itaut
567 1360 680 1442 peooet
705 1344 852 1440 graviter
873 1369 930 1440 pro
960 1344 1088 1415 ratione
1108 1346 1285 1417 materiae

313 1458 432 1531 saltem
459 1472 572 1527 eontra
599 1455 763 1526 iustitiam
792 1453 931 1550 legalem
958 1471 990 1525 et
1015 1453 1141 1526 iustum
1170 1479 1281 1554 supe·-

315 1569 412 1640 rioris
430 1583 659 1666 praeceptum,
683 1565 711 1636 si
732 1589 797 1636 non
814 1564 934 1647 solvat,
952 1580 985 1635 et
1003 1565 1124 1636 iustam
1145 1565 1280 1639 iudicis

314 1677 514 1752 sententiam
543 1675 678 1748 eludere
704 1691 856 1773 quaerat.

388 1791 436 1859 2⁰.
468 1789 627 1885 Suppono
646 1786 752 1882 legem
781 1786 904 1857 tributa
924 1785 1151 1882 imponentem
1173 1813 1282 1884 posse

313 1900 468 1974 subditos
485 1899 589 1996 ligare
604 1898 636 1969 in
655 1898 921 1982 conscientie,ut
939 1896 997 1967 illa
1016 1895 1150 1968 solvant
1168 1900 1278 1972 etiam

312 2029 390 2084 ante
408 2037 539 2084 omnem
565 2011 769 2108 petitionem.
793 2009 888 2082 Hane
911 2025 1108 2106 potestatem
1127 2007 1186 2080 tali
1207 2010 1280 2108 legi

312 2123 426 2196 nullus
446 2148 596 2220 unquam
616 2123 762 2220 negavit,
784 2123 812 2192 si
831 2121 949 2193 demes
973 2121 1175 2218 Almaynum
1195 2149 1278 2194 oum

312 2261 379 2307 uno
404 2233 455 2305 vel
483 2235 598 2305 altero.
633 2219 720 2304 Hine
747 2233 934 2304 seeundum
959 2258 1077 2304 omnes
1106 2233 1278 2306 tributum

311 2345 453 2418 debetur
469 2345 503 2414 in
526 2343 732 2416 conscientia
750 2370 788 2416 eo
811 2345 910 2416 modo
937 2370 1003 2443 quo
1028 2344 1080 2414 lex
1105 2348 1281 2444 praecipit

313 2456 524 2542 solvendum,
545 2469 578 2526 et
597 2455 625 2526 si
651 2453 703 2526 lex
729 2471 903 2541 statueret,
926 2473 962 2528 ut
980 2454 1192 2527 solverentur
1219 2460 1280 2530 tri-

312 2568 394 2641 buta
424 2585 502 2640 ante
539 2567 751 2665 petitionem,
787 2584 865 2639 ante
899 2568 1091 2667 petitionem
1129 2569 1280 2667 quidem

311 2695 427 2752 essent
442 2677 616 2764 solvenda,
627 2695 661 2750 et
678 2679 814 2779 quando
834 2679 978 2774 theologi
992 2679 1168 2778 disputant
1181 2681 1282 2755 cirea

311 2788 550 2885 obligationem
569 2790 603 2860 in
626 2790 832 2863 conscientia
851 2790 1007 2888 'solvendi
1034 2790 1171 2875 tributa,
1204 2818 1281 2864 nou

310 2900 486 2998 disputant
511 2900 601 2973 oiroa
626 2901 832 2999 praedictam
857 2901 941 2999 legis
967 2901 1172 2987 laenitatem,
1209 2905 1281 2976 sed

310 3010 562 3110 disputantem
593 3038 707 3084 revera
732 3011 785 3084 lex
803 3013 868 3086 hou
892 3013 945 3085 vel
973 3013 1057 3085 illud
1078 2998 1217 3101 statuat,
1244 3033 1283 3089 et

309 3122 445 3194 illorum
471 3123 626 3220 quaestio
655 3139 708 3195 est
736 3126 826 3196 eirea
853 3124 991 3210 lactum,
1013 3125 1104 3198 eirea
1121 3126 1155 3196 id
1175 3127 1283 3200 scili-

309 3250 363 3307 cet
387 3233 477 3333 quod
498 3235 656 3308 decernat
677 3233 741 3328 len,
765 3251 798 3309 et
827 3262 893 3332 non
921 3237 1011 3310 eirca
1039 3237 1074 3308 id
1096 3239 1191 3338 quod
1216 3241 1283 3316 de·

310 3346 446 3418 cernere
463 3347 592 3443 posset;
606 3345 697 3418 unde
714 3348 937 3420 communiter
957 3349 1163 3422 conveniunt
1177 3351 1282 3428 theo·

308 3458 389 3554 logi,
419 3456 580 3531 solvenda
608 3461 686 3530 eese‘
707 3457 743 3530 in
766 3459 978 3534 conscientia
1005 3459 1152 3549 tributa,
1182 3488 1283 3563 quae

304 3567 469 3669 imposita
485 3568 555 3645 siut
571 3593 634 3673 per
652 3567 759 3670 legem
783 3569 1280 3676 simpliciterpraeceptivum,
