2640 4430
431 317 468 330 -
489 285 529 344 37
551 319 588 332 -
622 343 624 348 .

30 415 114 461 casu
143 389 236 460 illam
267 389 433 462 lucrandi.
463 391 504 461 lt
538 391 806 490 sicuti'publioa
840 407 989 492 potestas

31 499 121 572 licite
139 516 170 572 et
188 500 276 572 iuste
302 516 412 598 potest
434 501 645 574 fraudantem
665 502 826 576 damnare
844 504 886 575 ad
906 504 994 576 mul-

32 629 118 683 etam
149 629 182 684 et
211 610 303 682 illam
334 610 398 684 sibi
432 627 548 710 postea
584 613 746 702 retinere,
777 614 838 714 sia
856 642 896 688 ex
924 615 990 688 alia

32 740 125 822 parte
149 723 284 796 videtur
311 723 401 821 quod
429 749 493 795 non
522 723 689 798 solventes
717 724 840 797 tributa
858 728 993 824 possint

31 835 120 917 licite
147 851 180 908 et
207 835 294 906 iuste
322 833 387 907 sibi
415 835 558 907 retinere
588 836 678 934 quod
709 837 830 909 luisset
859 836 992 910 solven-

31 945 122 1031 dum,
146 944 339 1043 usquedum
364 943 431 1016 bon
458 945 767 1045 deprehendantur.

103 1056 270 1156 Equidem
300 1056 354 1128 lex
380 1073 489 1155 potest
516 1057 613 1129 aliter
631 1075 777 1132 statuere
806 1077 839 1132 et
868 1060 991 1132 iustam

30 1173 93 1245 sibi
114 1172 225 1244 lacere
238 1168 432 1242 facultatem
454 1169 662 1268 percipiendi
686 1197 812 1269 poenas
833 1171 993 1270 pecunia-

31 1286 97 1356 rias
116 1282 289 1354 moderate
307 1299 340 1353 et
356 1280 471 1353 debita
490 1281 688 1353 auctoritate
714 1282 882 1368 inlliotas,
908 1284 992 1382 quin

29 1422 88 1491 per
106 1394 174 1465 hoe
194 1391 386 1464 facultatem
413 1391 534 1464 debeat
559 1391 713 1464 conferre
739 1392 925 1491 unicuique
944 1392 991 1464 le-

29 1533 102 1602 gem
118 1503 291 1590 eludendi,
303 1503 361 1576 sed
377 1502 460 1574 illud
475 1501 609 1575 videtur
622 1503 720 1576 valde
734 1503 947 1591 rationabile,
960 1521 994 1577 et

31 1644 132 1714 posse
162 1641 230 1688 non
256 1615 422 1687 immerito
448 1615 619 1711 praesumi
639 1629 672 1686 et
690 1615 794 1688 teneri
813 1628 994 1716 quousque

30 1754 99 1800 non
118 1725 305 1802 constetde
319 1725 485 1797 contraria
503 1723 705 1820 legislatoris
722 1724 903 1806 voluntate.

103 1836 309 1934 Praecipuus
337 1834 565 1934 undequaque
591 1834 694 1907 huius
722 1837 907 1910 sententiae
933 1865 993 1938 pa·

28 1967 150 2022 tronus
176 1962 228 2019 est
254 1949 436 2034 Navarrus,
458 1947 517 2043 qui
542 1944 637 2046 illam
655 1945 784 2017 indicat
808 1945 845 2016 C.
867 1947 994 2020 Frater·

29 2054 990 2154 nitas(e.l2.q.2.an.ll.)etllanuali(o.17.2llll.),

27 2187 62 2242 et
81 2167 173 2241 illam
191 2195 231 2241 ex
250 2168 403 2267 professo
427 2167 538 2239 firmat
563 2166 681 2240 eodem
699 2166 846 2239 Manuali
869 2171 911 2262 (e.
931 2170 989 2241 23.

28 2309 64 2355 n.
84 2284 176 2373 55.),
199 2279 355 2378 quamvis
383 2278 416 2349 id
444 2277 490 2349 ibi
520 2279 630 2377 potius
657 2276 793 2350 deducit
817 2294 854 2350 ut
874 2304 994 2352 conse-

30 2391 204 2491 quentiam
233 2415 315 2462 suae
340 2389 539 2474 sententiae,
561 2415 629 2487 qua
646 2388 717 2460 vult
735 2411 867 2462 omnem
885 2389 993 2487 legem

26 2501 231 2600 praesertim
264 2498 489 2585 saecularem,
524 2498 566 2573 de
598 2499 736 2571 materia
763 2525 828 2572 non
857 2498 993 2571 aliunde

31 2629 211 2714 praecepta
228 2637 289 2709 per
306 2609 407 2682 aliam
426 2610 546 2706 legem,
560 2612 588 2682 si
608 2608 733 2682 habeat
750 2635 892 2708 poenam
911 2626 994 2681 tem·
1059 2629 1061 2634 '

27 2723 181 2824 poralem
209 2722 401 2795 adiunctam
428 2747 494 2794 non
522 2737 852 2819 praesupponentem
879 2733 993 2792 aeter-

29 2864 133 2921 nam,
168 2861 233 2906 non
269 2833 419 2930 obligare
453 2833 518 2906 sub
552 2833 652 2931 eulpa
682 2831 795 2931 quoad
824 2831 993 2904 obiectum

28 2947 238 3046 proximum,
258 2944 337 3017 lieet
361 2944 413 3016 lex
435 2943 493 3016 illa
522 2943 634 3016 verbis
662 2942 887 3041 praeceptivis
919 2968 994 3040 pro·

24 3059 213 3154 mulgetur,
235 3057 301 3129 nisi
323 3055 412 3128 clare
429 3055 594 3153 exprimat
613 3054 699 3127 velle
716 3069 749 3127 et
766 3054 801 3124 in
819 3053 996 3126 conscien-

27 3172 75 3243 tia
108 3168 223 3266 quoad
254 3166 380 3240 dietum
407 3166 575 3240 obiectum
608 3167 794 3263 proximum
827 3164 991 3261 obligare.

27 3283 69 3354 m
95 3280 149 3353 sie
177 3304 238 3377 pro
263 3277 378 3350 eadem
407 3275 584 3362 sententia,
605 3301 693 3374 quae
715 3275 881 3348 mitiorem
901 3276 996 3375 ponit

27 3393 274 3490 obligationem
301 3391 413 3491 qpoad
438 3388 638 3461 tributorum
670 3385 884 3474 solutionem,
915 3414 996 3487 pos-

25 3521 113 3580 sunt
145 3503 240 3578 oitari
271 3518 435 3601 quotquot
469 3501 586 3574 dieunt
615 3524 691 3572 eum
722 3499 871 3574 Navarro
901 3498 993 3593 leges

28 3619 158 3692 mixtas
184 3641 251 3688 non
277 3613 429 3711 obligare
454 3613 497 3686 ad
528 3611 664 3710 eulpam
691 3611 725 3682 in
757 3609 861 3682 dubio
891 3635 934 3682 an
958 3607 998 3682 id
