2640 4430
438 389 476 401 ..
497 359 537 418 23
560 389 596 402 ..

31 460 198 534 dentibus
224 460 387 548 debitum,
408 487 477 560 qua
503 459 614 536 alieno
640 462 828 538 fraudando
854 465 1001 546 abstine·

35 599 128 644 mus.
155 603 171 639 »
198 571 307 669 (Apol.
331 599 361 644 c.
386 573 476 671 lb).

114 682 260 755 Probant
291 683 486 757 auctoritate
520 685 717 758 catechismi
750 686 890 759 Concilii
918 687 1000 758 Tri-

37 794 170 867 dentini
197 794 240 866 de
269 795 414 894 septimo
446 811 644 895 praecepto,
676 796 733 895 qui
769 823 834 870 non
870 796 1000 870 solvere

37 904 172 978 tributa
183 923 215 978 et
231 906 409 1002 vectigalia
423 906 565 978 includit
579 907 612 977 in
631 908 770 980 crimine
787 909 994 1006 rapacitatis.

115 1015 262 1088 Probent
296 1017 492 1090 auctoritate
528 1015 606 1089 cleri
641 1017 820 1114 gallicani,
849 1019 907 1118 qui
938 1045 1000 1091 an-

39 1153 84 1198 no
103 1128 211 1197 1700.
235 1127 321 1200 hanc
346 1126 519 1200 damnavit
537 1127 813 1227 propositionem,
836 1145 935 1227 prout
952 1154 1001 1200 re·

39 1237 152 1310 serunt
178 1236 392 1310 collectiones
419 1238 591 1334 Andegav.
627 1238 743 1311 Collet.
773 1256 806 1312 et
829 1239 999 1313 Bouvier:

41 1349 208 1422 «subditi
236 1368 381 1448 possunt
405 1329 495 1424 iusta
522 1350 645 1424 tributa
672 1378 738 1423 non
766 1351 907 1425 solvere.
923 1380 939 1424 n

116 1461 263 1535 Probant
289 1463 430 1560 insuper
456 1463 544 1534 hanc
569 1489 683 1536 eorum
715 1464 916 1534 sententiam
948 1489 1002 1533 ra-

40 1573 153 1645 tione:
174 1589 206 1644 et
224 1576 274 1644 1⁰.
295 1574 433 1658 tributa,
456 1588 553 1670 prout
579 1559 701 1646 docent
726 1590 758 1646 et
784 1575 818 1644 S.
839 1574 1001 1673 Hierony-

39 1709 118 1754 mus
145 1700 179 1754 et
203 1684 237 1753 S.
259 1683 472 1768 Ambrosius
502 1682 668 1756 debentur
693 1684 765 1755 iure
792 1699 932 1757 naturae
958 1683 1001 1756 ad

41 1793 244 1866 sustinenda
274 1820 375 1867 onera
402 1795 604 1876 communia,
622 1810 655 1866 et
681 1793 724 1866 ad
752 1794 924 1893 publicum
942 1795 1002 1868 bo-

38 1935 122 1980 num
146 1907 423 2005 promovendum,
444 1922 477 1977 et
507 1921 615 1978 status
644 1903 842 2003 principalis
869 1924 1003 1978 susten·

39 2019 216 2104 tationem,
238 2043 326 2116 quae
344 2016 539 2089 nullomodo
557 2032 695 2115 possent
712 2015 854 2088 obtineri
873 2017 1003 2116 absque

41 2128 243 2200 tributorum
260 2126 440 2200 solutione.
458 2128 500 2197 Er
519 2125 676 2225 quamvis
695 2127 868 2224 quantitas
887 2127 1003 2200 tributi

42 2266 112 2312 non
144 2240 188 2312 sit
211 2239 284 2311 iure
311 2256 467 2324 naturae,
498 2238 559 2310 sed
586 2265 605 2308 a
632 2238 724 2335 lege,
756 2238 864 2338 posita
892 2256 1003 2312 tamen

40 2351 130 2446 legis
157 2350 447 2435 determinatione,
472 2349 546 2446 lege
572 2365 712 2421 naturae
737 2349 890 2440 debetur.
919 2353 1003 2424 Nam

41 2460 260 2536 sicuti'lacta
286 2461 566 2534 determinatione
584 2461 736 2532 decimae
756 2463 861 2558 partis
875 2463 1006 2536 solven-

41 2573 108 2645 dae
136 2571 301 2643 ministris
327 2569 500 2644 Ecclesiae
525 2573 559 2642 in
594 2571 800 2668 stipendium
834 2589 1006 2646 sustenta-

1 2713 6 2720 ’
39 2682 159 2768 tionis,
181 2680 308 2777 singuli
334 2681 407 2753 iure
432 2698 572 2754 naturae
598 2697 752 2753 tenentur
772 2681 937 2750 decimam
963 2683 1004 2750 il-

40 2795 111 2867 lam
139 2792 294 2879 solvere;
324 2817 403 2890 ergo
430 2792 586 2865 similiter
612 2791 700 2863 lacta
726 2789 1006 2862 determinatione

40 2903 234 2999 vectigalis,
257 2919 436 3002 quantum,
470 2921 567 2976 etex
593 2901 719 3001 quibus
749 2900 848 2973 rebus
876 2899 1006 2973 solvan-

39 3015 126 3087 dum
158 3016 203 3085 sit
231 3013 396 3111 Principi,
427 3013 551 3109 singuli
580 3012 653 3109 lege
680 3030 819 3085 naturae
851 3027 1007 3084 tenentur

42 3125 130 3196 illud
161 3123 302 3211 solvere;
324 3141 376 3196 est
402 3126 491 3196 enim
512 3149 572 3222 par
589 3123 770 3221 utrobique
789 3124 884 3209 rati03
907 3123 1006 3196 sicuti

40 3238 135 3309 enim
154 3235 306 3308 decimae
327 3233 493 3307 debentur
517 3234 677 3332 praelatis
698 3233 871 3306 Ecclesiae
890 3233 934 3306 ob
951 3261 1009 3330 gu-

42 3347 277 3426 bernationem
297 3344 521 3444 spiritualem,
543 3347 590 3418 ita
618 3344 797 3441 vectigalia
823 3343 1008 3418 saeculari-

42 3459 110 3533 bus
131 3457 344 3557 principibus
361 3457 406 3531 ob
423 3456 700 3555 gubernationem
720 3456 951 3555 temporalem.

120 3570 347 3644 Confirmatur
380 3597 419 3640 ex
455 3568 571 3642 Lessio
604 3571 656 3664 (n.
681 3569 771 3662 bl).
806 3565 1011 3665 Respublica

44 3683 119 3781 lege
147 3679 297 3754 iustitiae
332 3679 431 3752 debet
457 3679 607 3777 Principi
642 3678 769 3753 iustum
801 3675 1011 3776 stipendium
