2640 4430
694 308 732 322 ..
754 279 793 336 44
814 309 852 322 ..

294 382 491 456 tributorum
524 379 674 477 obligare
704 381 739 452 in
772 381 1002 465 conscientia,
1032 407 1098 454 non
1136 383 1261 480 poterit

292 519 442 591 unquam
469 490 626 588 colligere
651 491 800 589 obligare
827 493 899 565 hoo
918 492 1030 590 potius
1057 519 1161 591 quam
1193 491 1260 565 alio

294 603 409 677 modo.

358 713 774 812 Secundual).Augustini
789 730 911 800 textus
929 740 1029 812 quem
1045 730 1112 786 tam
1125 714 1259 786 clarum

296 851 357 923 pro
386 853 449 900 sua
478 825 644 898 sententia
671 823 822 922 rigidiori
847 824 938 898 ridet
955 824 1103 898 Concina
1120 825 1185 916 (De
1201 826 1259 897 Le·

294 937 364 1034 gib.
392 938 477 1012 diss.
503 941 537 1010 5.
562 965 592 1011 e.
611 941 645 1008 5.
662 938 732 1032 Vl.)
755 927 894 1010 forsitan
921 963 982 1010 neo
1009 937 1109 1011 nobis
1126 954 1182 1010 est
1199 963 1259 1036 op·

295 1049 440 1145 positus.

370 1161 412 1232 Et
430 1163 478 1232 1⁰.
501 1159 558 1232 illa
576 1159 691 1234 verba:
706 1189 723 1228 «
741 1165 850 1257 neque
872 1160 961 1231 euim
982 1159 1073 1232 sraus
1092 1161 1159 1233 ista
1177 1161 1258 1259 quia

296 1271 379 1364 fiseo
406 1270 531 1344 fiebat:
562 1270 638 1343 ideo
667 1296 734 1342 non
762 1268 864 1342 fiebat
882 1297 898 1340 r
923 1296 1012 1369 qnae
1042 1296 1109 1344 non
1137 1273 1256 1370 paucis

296 1408 335 1454 ex
353 1382 558 1456 adversariis
578 1407 716 1480 prorsus
735 1381 908 1454 sufficiunt
926 1381 967 1454 ad
996 1380 1177 1469 intentum,
1201 1409 1256 1481 per

297 1519 334 1564 se
360 1493 536 1566 manifeste
561 1491 656 1570 nihil,
669 1491 887 1578 concludunt,
904 1492 986 1591 quia
1012 1509 1064 1566 est
1088 1493 1185 1590 prius
1211 1495 1255 1566 vi·

295 1602 442 1675 dandum
474 1603 641 1676 obiectum
666 1603 756 1675 eirca
780 1602 871 1700 quod
898 1604 990 1676 fraus
1013 1603 1078 1675 ista
1096 1604 1255 1676 versaba-

297 1730 362 1799 tur,
385 1740 461 1785 nam
494 1713 523 1786 si
555 1713 722 1786 obiectum
751 1711 894 1785 fraudis·
912 1729 982 1785 arat
1012 1712 1104 1786 aliud
1132 1741 1173 1788 ao
1201 1717 1253 1787 tri-

296 1825 452 1898 butorum
487 1824 675 1908 fraudatm,
710 1849 775 1896 non
812 1839 923 1921 potest
951 1823 994 1896 de
1024 1824 1089 1896 hae
1124 1852 1165 1896 ex
1201 1825 1253 1900 illo

297 1935 451 2008 iudicari.

372 2048 582 2144 lamveroin
608 2062 677 2119 toto
697 2046 762 2118 hoo
788 2062 878 2118 textu
906 2047 934 2118 si
963 2045 1046 2144 qnid
1076 2046 1179 2120 habet
1195 2048 1253 2120 Au·

297 2158 454 2255 gostinus
473 2161 515 2230 de
533 2157 731 2230 tributorum
755 2157 964 2229 fraudatione
983 2156 1086 2229 estin
1105 2157 1175 2230 illis
1189 2185 1253 2232 ver-

298 2269 375 2341 bis:
403 2299 420 2336 u
440 2284 478 2340 nt
503 2268 602 2340 etiam
634 2293 674 2339 ex
706 2266 775 2338 illia
805 2266 965 2365 (agellis)
999 2293 1125 2340 morem
1158 2295 1252 2342 suum

288 2373 458 2477 sequens,
487 2405 563 2450 eum
590 2379 674 2451 fisco
702 2405 766 2451 non
799 2378 953 2465 solveret,
979 2378 1090 2451 nullas
1117 2398 1252 2454 exacto-

298 2516 371 2562 rum
399 2489 571 2562 molestias
602 2507 771 2589 pateretur
800 2518 816 2560 n
845 2489 898 2562 vel
926 2490 1091 2562 inillis«
1117 2507 1151 2564 et
1181 2519 1251 2566 oum

299 2616 414 2700 posset
439 2626 499 2699 pro
529 2600 612 2673 solis
642 2600 816 2674 fiscalibus
842 2600 967 2674 debitis
1000 2628 1089 2699 qnae
1115 2602 1159 2675 de
1189 2631 1252 2677 me-

296 2711 438 2784 moratis
465 2711 752 2810 possessiunculis
778 2711 836 2784 ille
856 2726 1066 2784 contraxerat
1083 2713 1252 2813 imperiale

271 2838 272 2842 ’
297 2821 499 2897 beneficium
529 2823 752 2922 postulare.»

372 2937 414 3008 At
440 2937 549 3034 prima
565 2935 666 3008 verba
684 2936 797 3032 potius
816 2937 973 3009 videntur
990 2937 1152 3025 indicare,
1165 2937 1251 3037 quod

298 3046 355 3119 ille
381 3046 507 3118 Paulus
539 3045 615 3118 illos
645 3046 785 3141 exiguos
812 3045 939 3143 agellos
958 3047 1024 3119 sule
1043 3047 1177 3121 nomine
1195 3074 1252 3147 po-

298 3159 507 3236 lentissimae
534 3156 655 3230 domus
682 3156 746 3228 sibi
769 3158 988 3255 compararit,
1009 3175 1046 3229 ut
1070 3156 1120 3230 sio
1137 3183 1252 3256 sequa·

271 3285 390 3346 ‚retur
415 3294 541 3341 morem
560 3293 659 3339 suum
687 3267 722 3337 in
750 3268 924 3341 retinendo
946 3267 1096 3366 pondera
1113 3268 1248 3363 argenti,

298 3377 388 3477 quod
414 3377 497 3449 fiseo
515 3393 587 3450 erat
612 3377 794 3451 obnoxium
822 3395 957 3478 propter
981 3379 1182 3450 immensum
1201 3405 1253 3452 ou·

298 3486 425 3560 mulum
445 3486 613 3574 fiscalium
631 3488 834 3576 debitorum,
851 3493 966 3587 (quam
985 3487 1173 3562 debitorum
1190 3488 1252 3561 ori-

297 3602 410 3696 ginem
435 3598 645 3696 Augustinus
664 3598 711 3670 ibi
731 3625 798 3674 non
824 3600 945 3698 aperit)
966 3599 1068 3673 etsie
1085 3597 1251 3672 molestias
