2640 4430
675 277 712 290 ..
734 243 774 304 30
794 275 832 288 ..

272 379 390 436 sonae,
413 367 445 423 et
471 349 696 446 negotiorum,
725 375 765 419 ex
793 345 932 444 reliquis
959 347 1115 434 tributis,
1149 373 1256 446 quae

276 490 343 536 non
369 461 594 546 defraudavit,
615 473 843 555 competenter
868 457 1096 530 contribuisse
1115 459 1160 530 ad
1183 485 1257 530 ne-

277 573 453 647 cessitates
479 569 646 668 publicae,
669 595 734 642 non
762 593 837 639 esse
863 569 1050 664 cogendum
1070 596 1090 640 a
1108 570 1258 642 confes·

280 686 370 757 sario
397 682 439 754 ad
466 682 723 786 restitutionem3
756 679 818 750 hac
843 695 953 750 tamen
981 679 1133 752 doctrina
1165 708 1260 779 pru-

281 795 409 878 denter,
432 809 464 864 et
490 819 565 864 cum
592 791 788 862 dexteritate
815 815 936 884 magna
962 790 1123 862 utendum
1147 818 1256 877 esse,

283 905 390 978 solum
418 931 458 976 ne
486 919 731 975 sacramentum
762 901 986 998 poenitentiae
1013 901 1156 974 reddant
1185 905 1260 974 ni—

283 1017 347 1087 mis
375 1040 488 1112 grave,
507 1030 539 1085 et
565 1013 711 1084 neriam
731 1010 851 1084 salutis
871 1011 1091 1110 praecludent
1109 1013 1258 1098 multis,

284 1128 342 1226 qui
370 1141 442 1198 esto
468 1151 488 1196 a
515 1125 723 1198 confessario
740 1123 941 1219 obligentur,
964 1150 1029 1195 non
1050 1126 1257 1210 restituent,

285 1255 317 1308 et
351 1253 521 1308 aeternam
556 1235 807 1306 damnationem
844 1233 1027 1304 incurrent.
1066 1233 1260 1306 Caeterum

286 1347 471 1419 curandum
500 1373 595 1427 esse,
622 1362 660 1416 ut
686 1371 820 1442 semper
848 1343 992 1442 populus
1019 1345 1061 1416 ed
1088 1345 1261 1418 obedien-

286 1459 366 1530 dum
397 1457 604 1557 principibus
630 1455 810 1552 obligetur,
833 1472 919 1528 utet
938 1455 1144 1551 reipublicae
1165 1484 1256 1556 pax,

287 1587 320 1641 et
354 1569 564 1652 obedientia,
596 1593 635 1638 ac
671 1566 854 1639 reverentia
888 1565 1099 1663 principibus
1131 1567 1261 1641 debita

288 1694 541 1752 conservetur.»

361 1787 473 1858 Videri
499 1803 665 1887 potestat
690 1787 778 1884 Gury
803 1815 823 1860 a
849 1817 883 1860 n.
908 1790 990 1861 tto.
1069 1856 1073 1862 .

364 1899 405 1970 Et
423 1895 473 1970 sio
490 1899 711 1970 communiter
728 1899 933 1972 concludunt
951 1927 1017 1972 non
1035 1900 1161 1973 debere
1183 1928 1260 1974 mo-

292 2011 361 2082 neri
389 2009 430 2082 de
458 2008 585 2092 malitie
611 2008 752 2094 fraudis,
775 2011 834 2108 qui
861 2011 895 2080 in
922 2009 1009 2083 bona
1030 2009 1096 2082 fide
1112 2037 1262 2084 versan-

289 2139 356 2208 tur,
378 2147 439 2193 nec
465 2120 507 2190 de
532 2119 737 2215 obligatione
765 2122 981 2207 restituendi,
1009 2122 1038 2193 si
1066 2124 1260 2196 rationabi-

291 2234 368 2305 liter
386 2232 566 2316 iudioetur,
589 2231 806 2304 monitionem
826 2232 918 2304 haud
936 2233 1007 2306 fore
1025 2234 1257 2332 profuturam,

292 2358 391 2442 prout
416 2342 451 2412 in
479 2341 647 2439 praesenti
676 2343 815 2414 materia
850 2344 1072 2416 communiter
1097 2345 1263 2420 iudican-

295 2454 390 2525 dum.
408 2453 457 2546 (V.
479 2452 621 2525 Bcuvier
647 2451 711 2525 loc.
728 2453 785 2526 cit.
808 2455 842 2526 in
861 2454 955 2550 line).

523 2680 664 2751 Ponitur
688 2681 830 2754 secundo
852 2685 1021 2754 sententio.

371 2889 524 2963 Secunda
549 2889 717 2962 sententia
743 2891 777 2960 in
803 2891 997 2964 universnm
1016 2889 1125 2978 docet,
1142 2894 1264 2966 omnia

297 3000 474 3098 vectigalia
499 3015 532 3074 et
557 2999 694 3087 tribute,
712 3000 754 3074 de
772 3000 896 3099 quibus
914 3017 966 3074 est
983 3001 1138 3100 quaestio
1158 3021 1266 3100 prout

297 3140 338 3186 ex
364 3112 575 3210 praemissis,
597 3112 668 3184 sive
694 3112 820 3184 directa
846 3113 918 3186 sire
944 3112 1121 3200 indirecta,
1155 3114 1264 3187 etiam

298 3252 339 3302 ex
364 3250 532 3300 consensu
558 3224 675 3324 populi
703 3251 763 3323 per
787 3224 924 3298 modum
957 3226 1115 3300 collectae
1141 3227 1266 3328 impo-

299 3337 378 3424 sita,
400 3337 545 3409 maxime
569 3361 660 3436 quae
685 3361 746 3434 per
771 3351 896 3410 statute
913 3338 1053 3436 alleges
1079 3339 1266 3436 imponan-

301 3466 354 3524 tur
379 3448 574 3522 adiunctam
601 3471 744 3546 poenam
762 3447 979 3546 temporalem
997 3447 1175 3536 habentes
1194 3477 1265 3524 non

300 3559 512 3659 obligarem
538 3557 609 3636 loro
626 3559 869 3636 mnsoientiae
893 3559 939 3634 ad
969 3587 1085 3638 norunt
1098 3615 1102 3624 ι
1117 3559 1267 3637 solutio-
1318 3630 1319 3633 ,
