2640 4430
705 362 742 374 -
764 330 804 389 54
825 362 862 374 -

308 434 381 504 iure
407 449 546 504 naturae
571 431 698 519 deberi;
728 448 760 504 et
786 433 814 504 si
841 431 1056 503 concedimus
1075 449 1107 503 et
1126 447 1272 504 conten-

309 542 422 614 dimus
448 542 525 615 illas
551 542 663 615 deberi
698 557 774 615 ante
806 568 939 614 omnem
973 541 1094 614 iudicis
1130 560 1274 615 senten-

309 653 403 738 tiam;
432 653 467 724 id
493 652 694 726 arbitramur
720 681 784 726 non
811 681 851 726 ex
872 679 912 726 eo
930 652 1000 726 solo
1020 654 1152 752 probari
1175 653 1273 752 quod

310 763 389 835 iure'
411 779 548 837 naturae
573 764 758 837 debeantur
786 781 882 863 prout
907 779 940 837 et
965 765 1031 836 iam
1055 763 1208 836 diximus
1231 765 1274 837 de

311 873 468 962 tributis,
498 891 530 948 et
554 877 653 948 etiam
681 876 738 948 fiet
763 875 886 948 clarius
917 901 956 948 ex
983 875 1149 947 dicendis.
1184 877 1273 948 Nam

311 985 479 1073 deoimae5
509 1012 576 1084 quo
604 1005 753 1086 respectu
781 987 815 1056 in
842 986 1118 1059 determinatione
1154 1003 1275 1059 tantae

310 1097 418 1196 partis
443 1098 631 1171 consistunt
656 1115 688 1170 et
713 1098 871 1169 dicuntur
887 1097 1037 1168 decimae
1054 1113 1192 1195 quotae,
1212 1098 1276 1169 de-

311 1206 434 1279 bentur
464 1236 522 1308 per
551 1209 670 1305 legem,
698 1235 784 1307 quae
820 1235 886 1280 non
922 1207 1030 1279 solum
1062 1207 1276 1280 determinat

312 1337 476 1416 quantum
503 1320 648 1419 quisque
675 1321 746 1392 iure
773 1335 911 1392 naturae
940 1323 997 1414 (ut
1029 1319 1129 1390 etiam
1167 1321 1277 1392 unde

312 1456 447 1529 quaque
464 1430 681 1502 admittamus
700 1431 886 1526 argumenti
902 1429 1173 1502 adversariorum
1192 1431 1274 1502 sulci

312 1546 483 1635 mentum)
517 1542 637 1614 debeat
670 1541 815 1626 solvere,
846 1542 906 1613 sed
937 1541 1037 1612 otiam
1067 1540 1277 1613 determinat

312 1649 396 1720 illud
423 1651 620 1724 solvendum
647 1677 722 1724 esse
748 1669 823 1723 ante
841 1677 972 1724 omnem
993 1650 1116 1722 indicis
1135 1668 1277 1724 senten-

314 1761 407 1833 tiam.
424 1762 465 1833 Ar
483 1761 566 1834 baec
583 1761 815 1835 determinatio
841 1788 929 1860 quae
947 1789 987 1834 ex
1004 1762 1176 1834 communi
1198 1789 1277 1834 sen-

237 1867 239 1874 ’
315 1871 419 1942 tentia
455 1872 597 1945 habetur
624 1875 657 1945 in
685 1874 758 1970 lege
789 1875 1018 1958 decimarum,
1055 1889 1088 1943 et
1112 1874 1146 1942 vi
1177 1874 1278 1945 ouius

315 1981 414 2054 datur
439 1982 598 2080 obligatio
625 1987 664 2056 ad
693 1986 857 2058 obiectum
882 1984 1083 2082 proximum,
1105 2006 1174 2053 non
1196 2009 1278 2056 con-

317 2112 383 2167 stat
409 2095 524 2166 haberi
552 2097 585 2166 in
613 2097 685 2193 lege
712 2097 924 2168 tributorum:
945 2119 1036 2190 ergo,
1063 2094 1131 2164 Nec
1158 2111 1280 2166 contra

315 2206 462 2278 rationes
489 2204 613 2304 quibus
641 2208 758 2278 nititur
784 2207 948 2278 sententia
976 2205 1116 2303 quaein
1137 2204 1280 2276 tributis

316 2314 425 2388 solum
461 2317 614 2412 agnoscit
647 2317 884 2413 obligationem
913 2314 972 2386 illa
1006 2313 1158 2386 solvendi
1199 2333 1280 2413 post

315 2425 441 2497 iudicis
468 2427 666 2498 sententiam
694 2427 776 2526 quid
802 2425 914 2498 valere
938 2425 1070 2498 videtur
1095 2451 1282 2522 argumen-

316 2550 385 2605 tum
412 2534 625 2634 desumptum
653 2564 693 2609 ex
710 2537 914 2634 obligatione
932 2535 1082 2609 solvendi
1103 2534 1279 2624 decimae,

315 2671 393 2716 narn
419 2673 457 2719 er
484 2649 638 2746 eoquod
665 2675 733 2720 una
759 2649 811 2720 lex
836 2646 962 2743 obligat
990 2673 1055 2718 uno
1082 2646 1187 2719 modo
1210 2676 1282 2721 non

317 2757 471 2856 sequitur
496 2761 585 2856 quod
607 2776 639 2830 et
656 2759 735 2848 alia,
756 2786 796 2832 ex
814 2784 853 2830 eo
872 2757 960 2856 quod
984 2756 1106 2828 habeat
1123 2757 1283 2856 aliquam

318 2867 506 2964 analogiam
534 2895 608 2940 cum
638 2869 708 2956 illa,
731 2870 852 2942 debeat
876 2869 992 2941 eodem
1023 2867 1121 2939 modo
1148 2867 1285 2967 obliga-

318 3004 374 3049 re:
405 3005 497 3074 ergo.
606 3005 615 3017 ·

391 3088 554 3173 Quamvis
580 3089 758 3162 dicendum
785 3090 934 3162 decimas
963 3106 1031 3162 tum
1060 3097 1289 3168 sustentatio-

318 3199 372 3270 nis
399 3216 467 3269 tum
495 3215 617 3298 quotae
642 3201 755 3273 deberi
774 3228 814 3272 ex
831 3216 1002 3274 contractu
1021 3201 1140 3274 saltem
1162 3205 1284 3290 tacito,

318 3335 396 3380 nam
424 3309 541 3383 fideles
567 3310 646 3384 dum
673 3330 849 3410 acceptant
883 3312 1074 3384 ministrum
1102 3313 1287 3388 Ecclesiae

317 3418 361 3491 ad
389 3447 524 3492 suarum
543 3423 730 3494 animarum
750 3449 865 3494 curam
885 3422 1003 3494 saltem
1023 3423 1123 3494 tacite
1141 3449 1182 3496 se
1199 3427 1290 3498 obli-

318 3547 399 3628 gant
424 3530 464 3603 ad
493 3533 749 3605 sustentationis¹
779 3532 985 3630 stipendium
1020 3531 1067 3602 illi
1102 3535 1291 3609 conseren-

318 3641 398 3713 dum
425 3658 456 3714 et
482 3670 520 3716 ea
541 3644 726 3742 quantitate
752 3669 840 3743 quae
869 3669 929 3742 per
952 3645 1102 3717 decimas
1130 3663 1288 3736 taxatur;
