2640 4430
695 315 733 328 ..
754 286 794 346 72
816 316 853 328 ..

228 433 230 438 -
296 387 443 486 prolecto
468 386 610 459 dixisset
628 401 728 485 prout
745 386 825 460 dicit
844 388 877 457 in
897 385 999 458 simili
1020 391 1062 480 (c.
1079 391 1136 460 17.
1151 389 1267 486 202.)

295 499 454 598 superius
480 496 637 570 adducto.

369 610 488 682 Verum
518 609 674 708 equidem
703 611 732 682 si
759 610 904 682 dicimus
931 635 1007 682 cum
1026 611 1188 692 Notene,
1216 611 1269 682 le-

296 747 371 818 gem
398 717 598 791 tributorum
624 719 666 792 de
691 746 759 819 qua
786 719 823 793 lit
848 723 1003 818 quaestio
1027 719 1137 794 solum
1162 720 1268 792 obli-

297 857 377 929 gare
404 847 480 929 post
504 830 628 903 iudicis
655 832 855 905 sententiam
874 832 917 904 ob
944 833 1054 929 ipsam
1073 831 1150 904 talis
1170 831 1267 929 legis

297 957 452 1013 naturam
480 942 514 1012 in
547 940 653 1022 nihilo
681 942 880 1028 restrictam,
900 941 1125 1040 fateorquod
1144 970 1269 1042 quam-

296 1054 350 1125 vis
379 1052 463 1124 mihi
489 1052 644 1124 rideatur
674 1051 868 1152 aliqualiter
899 1052 984 1123 dura
1012 1056 1268 1152 consequentia

296 1192 399 1265 quam
425 1165 538 1262 ipsum
566 1166 750 1240 Navarrum
773 1165 828 1238 bic
843 1166 879 1234 in
893 1163 1092 1264 quaestione
1116 1165 1160 1238 de
1174 1166 1267 1237 lrau-

297 1277 399 1349 dante
429 1276 591 1348 tributum
617 1278 649 1350 vi
669 1295 702 1350 et
724 1277 828 1350 armis
847 1276 993 1349 dicimus
1011 1275 1195 1363 deducere,
1214 1279 1265 1348 nil

297 1405 409 1460 tamen
438 1389 571 1470 invenio
593 1389 684 1488 quod
706 1389 773 1487 ipsi
792 1386 921 1460 valeam
939 1387 1071 1486 absque
1089 1387 1261 1486 probabili

211 1545 217 1558 ·
297 1500 494 1596 exceptione
519 1525 702 1598 opponere.

371 1608 435 1680 Sed
463 1611 491 1681 si
521 1611 627 1704 magis
654 1609 764 1708 placet
788 1609 901 1682 dicere
927 1609 1034 1704 legem
1058 1610 1264 1683 tributorum

298 1718 450 1816 obligare
475 1720 612 1818 quidem
641 1737 738 1816 prout
763 1719 933 1792 contendit
954 1722 1076 1792 Navar.
1098 1721 1191 1794 idest
1208 1747 1265 1792 so·

297 1831 369 1903 lum
396 1848 473 1929 post
503 1831 725 1918 sententiam,
756 1831 829 1916 sed,
861 1846 958 1929 prout
988 1832 1097 1928 magis
1128 1832 1265 1903 videtur

297 1945 455 2045 probari,
486 1946 518 2018 id
553 1947 664 2044 potius
696 1946 895 2018 deducimus
922 1972 962 2017 ex
992 1947 1260 2028 consuetudine,

299 2084 388 2155 quae
407 2058 494 2130 hanc
521 2059 627 2155 legem
656 2057 705 2129 sic
731 2058 980 2154 interpretatur,
1002 2073 1034 2128 et
1053 2056 1088 2127 id
1108 2076 1264 2132 tenemus

299 2186 437 2268 propter
463 2195 674 2242 communem
706 2195 846 2264 sensum
871 2168 930 2266 qui
958 2167 1007 2240 sic
1034 2169 1266 2267 apprehendit

299 2279 538 2375 obligationem
565 2281 598 2350 in
622 2280 818 2352 huiusmodi
842 2277 987 2375 legibus,
1010 2278 1086 2376 plus
1106 2282 1264 2353 minusue

298 2387 403 2461 buius
438 2390 522 2488 legis
557 2390 797 2487 obligationem
834 2389 1047 2464 moderantes
1082 2416 1160 2462 cum
1200 2393 1263 2465 hoc

299 2501 469 2572 communi
496 2527 621 2587 sensu;
652 2500 703 2574 vel
735 2504 763 2574 si
791 2501 892 2572 etiam
921 2500 953 2570 id
982 2499 1067 2572 velis
1094 2500 1291 2574 deducere

300 2641 341 2687 ex
359 2615 435 2711 ipsa
453 2627 572 2685 natura
590 2613 806 2710 obligationis
825 2613 935 2710 ipsius
952 2612 1050 2708 legis,
1074 2613 1134 2684 tibi
1154 2618 1264 2712 omni-

300 2757 344 2803 no
362 2730 474 2815 liceat,
493 2730 591 2803 modo
609 2748 719 2804 tamen
739 2732 827 2804 hanc
845 2730 1063 2802 intrinsecam
1081 2731 1152 2803 vim
1169 2730 1265 2804 obli-

301 2840 404 2938 gandi
433 2841 466 2910 in
501 2838 576 2936 lege
605 2867 671 2914 uon
698 2841 910 2936 constringas
937 2839 1156 2939 ultraquam
1184 2841 1265 2913 lacit
1289 2833 1290 2877 l

300 2949 490 3023 communis
517 2949 575 3021 illa
592 2951 723 3048 opinio,
744 2950 876 3022 videtur
894 2950 1075 3022 dicendum
1096 2951 1190 3049 quod
1207 2950 1265 3022 ille

300 3062 360 3166 qui
386 3061 418 3130 vi
447 3060 580 3132 fraudat
606 3060 765 3133 tributum
794 3076 907 3159 peccet
932 3061 967 3131 in
986 3061 1093 3158 legem
1112 3061 1265 3134 tributo-

300 3196 376 3268 rum
402 3187 434 3241 et
459 3182 611 3242 teneatur
637 3171 826 3244 restituere.
848 3172 930 3242 Nam
957 3173 1150 3245 communis
1176 3199 1266 3245 con-

202 3305 203 3310 *
301 3278 445 3352 suetudo
472 3305 538 3351 non
566 3281 675 3354 solum
708 3281 1035 3367 timoratorum„sed
1066 3300 1101 3354 et
1129 3283 1265 3355 illorum

301 3388 359 3488 qui
387 3406 555 3461 externam
584 3407 712 3462 tantum
735 3390 957 3464 urbanitatem
976 3393 1107 3466 salvare
1127 3393 1267 3466 student

301 3499 345 3572 ab
373 3498 434 3571 boc
461 3500 559 3573 modo
584 3497 747 3574 violenter
772 3500 959 3573 fraudandi,
981 3501 1106 3575 tributa
1133 3502 1267 3577 abhor-

302 3627 363 3683 ret.
394 3607 551 3682 Admissa
574 3627 684 3682 autem
704 3611 754 3683 sic
773 3612 807 3682 in
827 3611 899 3710 lege
918 3612 1101 3688 intrinseca
1119 3615 1153 3688 vi
1171 3613 1268 3690 obli-
