2640 4430
441 330 478 342 ..
501 299 538 356 31
563 330 600 342 -

35 429 131 489 nem,
153 403 213 474 sed
240 402 282 474 ad
309 401 416 474 solam
446 427 587 499 poenam
614 427 675 500 per
693 403 784 500 leges
806 405 999 502 impositam

35 531 118 611 post
144 514 269 586 iudicis
298 513 513 586 sententiam.

115 625 279 698 Probatur
299 629 347 696 1⁰.
370 626 454 698 haec
479 627 658 712 sententia,
680 626 760 725 quia
777 627 861 700 haec
881 629 1004 702 tributa

38 737 214 808 ordinarie
248 737 467 835 imponuntur
500 763 558 835 per
592 736 697 833 legem
736 737 865 810 nullum
898 743 1005 812 couti-

38 864 176 919 nentem
204 847 343 919 rerbum
372 848 633 946 praeceptivum,
661 848 719 920 sed
748 865 876 921 tantum
903 851 1004 923 verba

38 961 232 1042 statuimus,
250 958 452 1041 ordinamus,
475 977 511 1030 ut
536 958 679 1058 quilibet
707 959 814 1032 solvat
841 961 905 1033 tate
921 962 1003 1060 quid

40 1069 107 1140 sub
136 1095 244 1168 poena
270 1069 411 1140 cadendi
440 1069 475 1138 in
494 1069 594 1140 talem
623 1069 793 1153 mulctam,
812 1097 879 1169 qua
898 1071 1003 1143 forma

41 1207 107 1252 non
136 1180 348 1276 significatur
373 1179 611 1276 obligationem
632 1182 757 1279 imponi
778 1182 811 1251 in
830 1182 1005 1254 conscien-

40 1294 86 1364 tia
114 1292 157 1364 ad
185 1291 383 1364 solvendum
412 1290 494 1362 ittod
521 1291 612 1391 quod
638 1292 763 1365 directe
791 1293 1001 1390 postulatur,

40 1405 101 1476 sed
133 1420 261 1475 tantum
281 1419 400 1500 postea
418 1403 540 1475 debere
558 1404 749 1502 quempiam
771 1405 900 1476 solvere
919 1404 1005 1478 mul-

40 1533 145 1601 ctam,
167 1517 195 1588 si
215 1515 394 1587 damnetur
410 1516 452 1588 ad
473 1516 578 1602 illam,
599 1533 632 1588 et
652 1543 768 1614 parere
787 1516 910 1589 iudicis
929 1543 1006 1589 sen-

41 1630 186 1718 tentiae,
202 1628 231 1698 si
260 1628 457 1701 intercedat.

117 1738 358 1812 Confirmatur:
386 1741 467 1838 quia
494 1739 545 1811 lex
565 1765 648 1838 pure
667 1740 819 1838 poenalis
839 1767 904 1813 non
923 1740 1005 1813 obli-

40 1873 99 1948 gat
125 1851 192 1922 nisi
220 1849 263 1922 ad
292 1877 432 1948 poenam
461 1867 535 1950 post
562 1852 685 1924 iudicis
713 1852 934 1938 sententiam,
965 1869 1003 1924 ut

40 1963 143 2035 valde
168 1963 471 2035 communis·tenet
497 1963 662 2034 sententia
680 1979 713 2034 et
729 1963 825 2035 docet
842 1965 875 2032 S.
895 1963 996 2061 Atph.

44 2075 121 2171 (lib.
144 2077 179 2143 1.
198 2075 313 2168 1th).
341 2074 431 2146 Talis
458 2091 569 2146 autem
596 2073 740 2146 dicenda
766 2090 817 2146 est
843 2073 927 2145 baec
951 2073 1005 2144 lex

41 2186 257 2271 tributorum,
280 2185 399 2258 saltem
428 2213 487 2286 pro
512 2213 595 2258 casu
621 2213 689 2286 quo
715 2185 844 2258 nullum
864 2185 1004 2258 verbum

44 2313 260 2397 praeceptum
289 2297 454 2370 inducens
481 2299 667 2385 contineat;
696 2325 788 2395 ergo.

119 2408 282 2482 Probatur
309 2415 358 2481 2⁰.
388 2410 467 2508 quia
497 2427 533 2482 ut
565 2409 637 2482 vult
662 2411 831 2482 Navarrus
861 2408 1000 2505 (Manui.

43 2523 230 2613 abaco.)
246 2520 337 2617 leges
357 2521 525 2594 humanae
542 2519 739 2618 praesertim
763 2519 880 2592 civiles
901 2519 1004 2592 etiam

43 2633 303 2732 praecipientes,
324 2659 413 2731 quae
439 2659 580 2732 poenam
608 2649 858 2731 temporaneam
877 2631 1005 2703 consti-

38 2758 143 2816 tuunt
168 2767 236 2814 non
263 2732 584 2842 praesupponcntes¹
610 2759 799 2826 aeternam,
830 2741 865 2811 in
900 2738 1005 2813 dubio

42 2881 87 2926 an
115 2853 216 2926 etiam
243 2852 392 2950 obligent
410 2853 474 2926 sub
493 2870 642 2953 peccato,
655 2852 824 2925 censenda
843 2867 922 2922 sunt
940 2850 1005 2922 sub

42 2979 184 3062 peccato
210 2989 275 3037 non
302 2964 469 3061 obligare,
497 2967 544 3037 ita
578 2982 614 3037 ut
646 2966 759 3064 posito
794 2961 885 3061 quod
911 2960 1006 3033 nullo

41 3075 113 3150 alio
138 3075 235 3152 titulo
262 3076 405 3165 iberes,
427 3103 515 3176 quae
533 3075 610 3150 talis
628 3077 713 3173 legis
732 3073 906 3147 materiam
929 3097 1008 3145 oon·

43 3188 167 3274 stituit,
190 3188 427 3287 praecipiatur,
449 3215 515 3261 non
542 3188 621 3262 inde
647 3187 711 3260 sub
739 3201 875 3286 peccato
893 3183 1008 3282 probi-

43 3299 176 3370 beatur.
198 3299 270 3372 Hoo
295 3317 419 3387 autem,
442 3315 538 3400 prout
562 3299 634 3373 vult
658 3300 841 3384 Navarrus,
863 3297 892 3369 si
919 3296 1008 3368 iuste

43 3411 182 3484 defendi
209 3423 332 3511 potest,
353 3412 488 3485 defendi
524 3410 643 3498 debet,
676 3411 758 3511 quia
788 3407 945 3483 convenit
969 3421 1008 3480 ut

43 3522 138 3619 leges
165 3525 346 3614 humanae,
367 3551 455 3626 quae
472 3524 516 3598 ad
542 3523 682 3601 mortale
707 3521 855 3619 obligent
878 3529 1008 3619 paucae

39 3634 130 3722 sint;
156 3649 191 3711 et
215 3634 336 3736 probat
360 3634 682 3737 insuperpluribus
708 3631 917 3718 rationibus5
936 3641 1008 3706 tum
