<?xml version="1.0" encoding="UTF-8"?>
<!DOCTYPE html PUBLIC "-//W3C//DTD XHTML 1.0 Transitional//EN"
    "http://www.w3.org/TR/xhtml1/DTD/xhtml1-transitional.dtd">
<html xmlns="http://www.w3.org/1999/xhtml" xml:lang="en" lang="en">
 <head>
  <title>
</title>
<meta http-equiv="Content-Type" content="text/html;charset=utf-8" />
  <meta name='ocr-system' content='tesseract 3.04.00' />
  <meta name='ocr-capabilities' content='ocr_page ocr_carea ocr_par ocr_line ocrx_word'/>
</head>
<body>
  <div class='ocr_page' id='page_1' title='image "./deobligationele00unkngoog_0046.png"; bbox 0 0 2640 4430; ppageno 0'>
   <div class='ocr_carea' id='block_1_1' title="bbox 49 337 1022 3757">
    <p class='ocr_par' dir='ltr' id='par_1_1' title="bbox 49 337 1015 2173">
     <span class='ocr_line' id='line_1_1' title="bbox 453 337 611 396; baseline 0 -15"><span class='ocrx_word' id='word_1_1' title='bbox 453 368 490 381; x_wconf 90' lang='lat'><em>-</em></span> <span class='ocrx_word' id='word_1_2' title='bbox 513 337 553 396; x_wconf 76' lang='lat'><strong>43</strong></span> <span class='ocrx_word' id='word_1_3' title='bbox 574 368 611 381; x_wconf 89' lang='lat'><em>-</em></span> 
     </span>
     <span class='ocr_line' id='line_1_2' title="bbox 49 439 1015 540; baseline 0.006 -32"><span class='ocrx_word' id='word_1_4' title='bbox 49 439 178 512; x_wconf 78' lang='lat' dir='ltr'><strong>»Cum</strong></span> <span class='ocrx_word' id='word_1_5' title='bbox 214 442 304 513; x_wconf 91' lang='lat' dir='ltr'><strong>enim</strong></span> <span class='ocrx_word' id='word_1_6' title='bbox 340 457 534 514; x_wconf 83' lang='lat' dir='ltr'><strong>constemus</strong></span> <span class='ocrx_word' id='word_1_7' title='bbox 570 442 683 515; x_wconf 89' lang='lat' dir='ltr'><strong>anima</strong></span> <span class='ocrx_word' id='word_1_8' title='bbox 717 457 752 514; x_wconf 91' lang='lat' dir='ltr'><strong>et</strong></span> <span class='ocrx_word' id='word_1_9' title='bbox 785 467 949 540; x_wconf 88' lang='lat' dir='ltr'><strong>corpore,</strong></span> <span class='ocrx_word' id='word_1_10' title='bbox 982 457 1015 514; x_wconf 88' lang='lat' dir='ltr'><strong>et</strong></span> 
     </span>
     <span class='ocr_line' id='line_1_3' title="bbox 52 550 1013 651; baseline 0.002 -31"><span class='ocrx_word' id='word_1_11' title='bbox 52 582 68 620; x_wconf 81' lang='lat' dir='ltr'><strong>n</strong></span> <span class='ocrx_word' id='word_1_12' title='bbox 90 551 258 650; x_wconf 87' lang='lat' dir='ltr'><strong>quamdiu</strong></span> <span class='ocrx_word' id='word_1_13' title='bbox 286 551 320 621; x_wconf 91' lang='lat' dir='ltr'><strong>in</strong></span> <span class='ocrx_word' id='word_1_14' title='bbox 356 550 420 624; x_wconf 87' lang='lat' dir='ltr'><strong>bae</strong></span> <span class='ocrx_word' id='word_1_15' title='bbox 444 552 514 625; x_wconf 85' lang='lat' dir='ltr'><strong>rita</strong></span> <span class='ocrx_word' id='word_1_16' title='bbox 541 551 716 651; x_wconf 88' lang='lat' dir='ltr'><strong>temporali</strong></span> <span class='ocrx_word' id='word_1_17' title='bbox 744 579 884 638; x_wconf 82' lang='lat' dir='ltr'><strong>sumne,</strong></span> <span class='ocrx_word' id='word_1_18' title='bbox 912 552 1013 623; x_wconf 89' lang='lat' dir='ltr'><strong>etiam</strong></span> 
     </span>
     <span class='ocr_line' id='line_1_4' title="bbox 52 660 1013 760; baseline 0.004 -30"><span class='ocrx_word' id='word_1_19' title='bbox 52 692 69 731; x_wconf 76' lang='lat' dir='ltr'><strong>a</strong></span> <span class='ocrx_word' id='word_1_20' title='bbox 91 660 194 734; x_wconf 90' lang='lat' dir='ltr'><strong>rebus</strong></span> <span class='ocrx_word' id='word_1_21' title='bbox 209 662 450 760; x_wconf 80' lang='lat' dir='ltr'><strong>temporalibus</strong></span> <span class='ocrx_word' id='word_1_22' title='bbox 465 663 505 735; x_wconf 91' lang='lat' dir='ltr'><strong>ad</strong></span> <span class='ocrx_word' id='word_1_23' title='bbox 520 663 711 736; x_wconf 84' lang='lat' dir='ltr'>subsidium</span> <span class='ocrx_word' id='word_1_24' title='bbox 726 661 1013 760; x_wconf 82' lang='lat' dir='ltr'><strong>degendaehuiue</strong></span> 
     </span>
     <span class='ocr_line' id='line_1_5' title="bbox 52 772 1013 872; baseline 0.003 -32"><span class='ocrx_word' id='word_1_25' title='bbox 52 803 70 840; x_wconf 81' lang='lat' dir='ltr'><strong>n</strong></span> <span class='ocrx_word' id='word_1_26' title='bbox 91 773 184 845; x_wconf 84' lang='lat' dir='ltr'><strong>vitae</strong></span> <span class='ocrx_word' id='word_1_27' title='bbox 209 789 356 860; x_wconf 88' lang='lat' dir='ltr'><strong>utamur,</strong></span> <span class='ocrx_word' id='word_1_28' title='bbox 381 791 512 872; x_wconf 86' lang='lat' dir='ltr'><strong>oportet</strong></span> <span class='ocrx_word' id='word_1_29' title='bbox 538 801 600 847; x_wconf 92' lang='lat' dir='ltr'><strong>nos</strong></span> <span class='ocrx_word' id='word_1_30' title='bbox 625 799 665 846; x_wconf 85' lang='lat' dir='ltr'><strong>ex</strong></span> <span class='ocrx_word' id='word_1_31' title='bbox 690 800 731 846; x_wconf 90' lang='lat' dir='ltr'><strong>ea</strong></span> <span class='ocrx_word' id='word_1_32' title='bbox 758 789 864 872; x_wconf 88' lang='lat' dir='ltr'><strong>parte,</strong></span> <span class='ocrx_word' id='word_1_33' title='bbox 882 799 949 872; x_wconf 89' lang='lat' dir='ltr'><strong>qua</strong></span> <span class='ocrx_word' id='word_1_34' title='bbox 970 772 1013 844; x_wconf 91' lang='lat' dir='ltr'><strong>ad</strong></span> 
     </span>
     <span class='ocr_line' id='line_1_6' title="bbox 53 883 1008 983; baseline 0.005 -33"><span class='ocrx_word' id='word_1_35' title='bbox 53 917 70 951; x_wconf 74' lang='lat' dir='ltr'><strong>n</strong></span> <span class='ocrx_word' id='word_1_36' title='bbox 93 883 184 957; x_wconf 87' lang='lat' dir='ltr'><strong>hanc</strong></span> <span class='ocrx_word' id='word_1_37' title='bbox 201 883 303 956; x_wconf 85' lang='lat' dir='ltr'><strong>vitam</strong></span> <span class='ocrx_word' id='word_1_38' title='bbox 328 883 483 983; x_wconf 81' lang='lat' dir='ltr'><strong>pertinet,</strong></span> <span class='ocrx_word' id='word_1_39' title='bbox 505 884 661 958; x_wconf 89' lang='lat' dir='ltr'><strong>subditos</strong></span> <span class='ocrx_word' id='word_1_40' title='bbox 679 911 755 957; x_wconf 88' lang='lat' dir='ltr'><strong>esse</strong></span> <span class='ocrx_word' id='word_1_41' title='bbox 772 883 1008 983; x_wconf 83' lang='lat' dir='ltr'><strong>potestatibus,</strong></span> 
     </span>
     <span class='ocr_line' id='line_1_7' title="bbox 53 994 1013 1094; baseline 0.003 -31"><span class='ocrx_word' id='word_1_42' title='bbox 53 1027 70 1063; x_wconf 80' lang='lat' dir='ltr'><strong>n</strong></span> <span class='ocrx_word' id='word_1_43' title='bbox 92 995 196 1080; x_wconf 84' lang='lat' dir='ltr'><strong>idest,</strong></span> <span class='ocrx_word' id='word_1_44' title='bbox 219 995 414 1068; x_wconf 87' lang='lat' dir='ltr'><strong>bominibus</strong></span> <span class='ocrx_word' id='word_1_45' title='bbox 441 1022 494 1069; x_wconf 86' lang='lat' dir='ltr'><strong>res</strong></span> <span class='ocrx_word' id='word_1_46' title='bbox 522 996 689 1069; x_wconf 88' lang='lat' dir='ltr'><strong>humanas</strong></span> <span class='ocrx_word' id='word_1_47' title='bbox 720 1021 796 1068; x_wconf 90' lang='lat' dir='ltr'><strong>cum</strong></span> <span class='ocrx_word' id='word_1_48' title='bbox 818 994 933 1094; x_wconf 85' lang='lat' dir='ltr'><strong>aliquo</strong></span> <span class='ocrx_word' id='word_1_49' title='bbox 951 994 1013 1066; x_wconf 90' lang='lat' dir='ltr'><strong>bo-</strong></span> 
     </span>
     <span class='ocr_line' id='line_1_8' title="bbox 53 1106 1014 1204; baseline 0.001 -30"><span class='ocrx_word' id='word_1_50' title='bbox 53 1131 177 1178; x_wconf 85' lang='lat' dir='ltr'><strong>»nore</strong></span> <span class='ocrx_word' id='word_1_51' title='bbox 203 1106 531 1179; x_wconf 76' lang='lat' dir='ltr'><strong>administrantibus.</strong></span> <span class='ocrx_word' id='word_1_52' title='bbox 560 1107 609 1178; x_wconf 80' lang='lat' dir='ltr'><strong>Ex</strong></span> <span class='ocrx_word' id='word_1_53' title='bbox 635 1106 693 1178; x_wconf 84' lang='lat' dir='ltr'><strong>illa</strong></span> <span class='ocrx_word' id='word_1_54' title='bbox 720 1133 798 1179; x_wconf 86' lang='lat' dir='ltr'><strong>vero</strong></span> <span class='ocrx_word' id='word_1_55' title='bbox 825 1121 919 1204; x_wconf 89' lang='lat' dir='ltr'><strong>parte</strong></span> <span class='ocrx_word' id='word_1_56' title='bbox 945 1129 1014 1203; x_wconf 86' lang='lat' dir='ltr'><strong>qua</strong></span> 
     </span>
     <span class='ocr_line' id='line_1_9' title="bbox 53 1217 1012 1315; baseline 0 -29"><span class='ocrx_word' id='word_1_57' title='bbox 53 1247 69 1286; x_wconf 79' lang='lat' dir='ltr'><strong>n</strong></span> <span class='ocrx_word' id='word_1_58' title='bbox 93 1217 266 1291; x_wconf 88' lang='lat' dir='ltr'><strong>eredimus</strong></span> <span class='ocrx_word' id='word_1_59' title='bbox 283 1219 353 1291; x_wconf 88' lang='lat' dir='ltr'><strong>Deo</strong></span> <span class='ocrx_word' id='word_1_60' title='bbox 377 1236 409 1290; x_wconf 92' lang='lat' dir='ltr'><strong>et</strong></span> <span class='ocrx_word' id='word_1_61' title='bbox 434 1218 467 1288; x_wconf 86' lang='lat' dir='ltr'><strong>in</strong></span> <span class='ocrx_word' id='word_1_62' title='bbox 496 1245 634 1315; x_wconf 83' lang='lat' dir='ltr'><strong>regnum</strong></span> <span class='ocrx_word' id='word_1_63' title='bbox 658 1218 731 1290; x_wconf 88' lang='lat' dir='ltr'><strong>eius</strong></span> <span class='ocrx_word' id='word_1_64' title='bbox 756 1244 929 1303; x_wconf 88' lang='lat' dir='ltr'><strong>vocamur,</strong></span> <span class='ocrx_word' id='word_1_65' title='bbox 946 1242 1012 1287; x_wconf 92' lang='lat' dir='ltr'><strong>non</strong></span> 
     </span>
     <span class='ocr_line' id='line_1_10' title="bbox 51 1327 1013 1429; baseline -0.001 -31"><span class='ocrx_word' id='word_1_66' title='bbox 51 1359 70 1398; x_wconf 82' lang='lat' dir='ltr'><strong>n</strong></span> <span class='ocrx_word' id='word_1_67' title='bbox 92 1355 158 1402; x_wconf 93' lang='lat' dir='ltr'><strong>nos</strong></span> <span class='ocrx_word' id='word_1_68' title='bbox 185 1346 315 1429; x_wconf 80' lang='lat' dir='ltr'><strong>oportet</strong></span> <span class='ocrx_word' id='word_1_69' title='bbox 339 1355 415 1402; x_wconf 89' lang='lat' dir='ltr'><strong>esse</strong></span> <span class='ocrx_word' id='word_1_70' title='bbox 441 1329 595 1402; x_wconf 92' lang='lat' dir='ltr'><strong>subditos</strong></span> <span class='ocrx_word' id='word_1_71' title='bbox 622 1330 781 1428; x_wconf 89' lang='lat' dir='ltr'><strong>cuiquam</strong></span> <span class='ocrx_word' id='word_1_72' title='bbox 802 1327 928 1400; x_wconf 87' lang='lat' dir='ltr'><strong>bomini</strong></span> <span class='ocrx_word' id='word_1_73' title='bbox 962 1327 1013 1398; x_wconf 91' lang='lat' dir='ltr'><strong>id·</strong></span> 
     </span>
     <span class='ocr_line' id='line_1_11' title="bbox 52 1437 1014 1538; baseline 0.001 -30"><span class='ocrx_word' id='word_1_74' title='bbox 52 1471 70 1508; x_wconf 81' lang='lat' dir='ltr'><strong>n</strong></span> <span class='ocrx_word' id='word_1_75' title='bbox 94 1440 209 1538; x_wconf 89' lang='lat' dir='ltr'><strong>ipsum</strong></span> <span class='ocrx_word' id='word_1_76' title='bbox 232 1440 266 1510; x_wconf 92' lang='lat' dir='ltr'><strong>in</strong></span> <span class='ocrx_word' id='word_1_77' title='bbox 285 1439 382 1512; x_wconf 89' lang='lat' dir='ltr'><strong>nobis</strong></span> <span class='ocrx_word' id='word_1_78' title='bbox 400 1457 548 1513; x_wconf 89' lang='lat' dir='ltr'><strong>evertere</strong></span> <span class='ocrx_word' id='word_1_79' title='bbox 565 1439 726 1538; x_wconf 84' lang='lat' dir='ltr'><strong>cupienti,</strong></span> <span class='ocrx_word' id='word_1_80' title='bbox 744 1437 834 1538; x_wconf 89' lang='lat' dir='ltr'><strong>quod</strong></span> <span class='ocrx_word' id='word_1_81' title='bbox 860 1439 952 1511; x_wconf 88' lang='lat' dir='ltr'><strong>Deus</strong></span> <span class='ocrx_word' id='word_1_82' title='bbox 970 1437 1014 1510; x_wconf 89' lang='lat' dir='ltr'><strong>ad</strong></span> 
     </span>
     <span class='ocr_line' id='line_1_12' title="bbox 53 1548 1012 1647; baseline 0.001 -28"><span class='ocrx_word' id='word_1_83' title='bbox 53 1551 197 1622; x_wconf 80' lang='lat' dir='ltr'><strong>»vitam</strong></span> <span class='ocrx_word' id='word_1_84' title='bbox 231 1567 400 1622; x_wconf 88' lang='lat' dir='ltr'><strong>aeternam</strong></span> <span class='ocrx_word' id='word_1_85' title='bbox 427 1551 554 1623; x_wconf 86' lang='lat' dir='ltr'><strong>donare</strong></span> <span class='ocrx_word' id='word_1_86' title='bbox 580 1551 740 1646; x_wconf 66' lang='lat' dir='ltr'><strong>dignatus</strong></span> <span class='ocrx_word' id='word_1_87' title='bbox 772 1565 836 1622; x_wconf 87' lang='lat' dir='ltr'><strong>est.</strong></span> <span class='ocrx_word' id='word_1_88' title='bbox 864 1549 897 1619; x_wconf 88' lang='lat' dir='ltr'><strong>Si</strong></span> <span class='ocrx_word' id='word_1_89' title='bbox 934 1548 1012 1647; x_wconf 91' lang='lat' dir='ltr'><strong>quis</strong></span> 
     </span>
     <span class='ocr_line' id='line_1_13' title="bbox 54 1657 1013 1759; baseline 0 -31"><span class='ocrx_word' id='word_1_90' title='bbox 54 1691 71 1728; x_wconf 84' lang='lat' dir='ltr'><strong>n</strong></span> <span class='ocrx_word' id='word_1_91' title='bbox 94 1686 175 1755; x_wconf 84' lang='lat' dir='ltr'><strong>ergo</strong></span> <span class='ocrx_word' id='word_1_92' title='bbox 207 1677 301 1756; x_wconf 92' lang='lat' dir='ltr'><strong>putat</strong></span> <span class='ocrx_word' id='word_1_93' title='bbox 326 1659 486 1759; x_wconf 89' lang='lat' dir='ltr'><strong>quoniam</strong></span> <span class='ocrx_word' id='word_1_94' title='bbox 520 1661 728 1733; x_wconf 90' lang='lat' dir='ltr'><strong>christianus</strong></span> <span class='ocrx_word' id='word_1_95' title='bbox 761 1676 813 1733; x_wconf 89' lang='lat' dir='ltr'><strong>est</strong></span> <span class='ocrx_word' id='word_1_96' title='bbox 846 1687 911 1732; x_wconf 94' lang='lat' dir='ltr'><strong>non</strong></span> <span class='ocrx_word' id='word_1_97' title='bbox 947 1657 1013 1732; x_wconf 87' lang='lat' dir='ltr'><strong>sibi</strong></span> 
     </span>
     <span class='ocr_line' id='line_1_14' title="bbox 55 1769 1013 1866; baseline 0.003 -31"><span class='ocrx_word' id='word_1_98' title='bbox 55 1801 73 1835; x_wconf 74' lang='grc' dir='ltr'><strong>ι</strong></span> <span class='ocrx_word' id='word_1_99' title='bbox 95 1795 174 1842; x_wconf 88' lang='lat' dir='ltr'><strong>esse</strong></span> <span class='ocrx_word' id='word_1_100' title='bbox 195 1769 335 1866; x_wconf 82' lang='lat' dir='ltr'><strong>vectigal</strong></span> <span class='ocrx_word' id='word_1_101' title='bbox 363 1770 584 1857; x_wconf 88' lang='lat' dir='ltr'><strong>reddendum,</strong></span> <span class='ocrx_word' id='word_1_102' title='bbox 605 1788 664 1843; x_wconf 90' lang='lat' dir='ltr'><strong>aut</strong></span> <span class='ocrx_word' id='word_1_103' title='bbox 689 1771 849 1843; x_wconf 88' lang='lat' dir='ltr'><strong>tributum</strong></span> <span class='ocrx_word' id='word_1_104' title='bbox 869 1786 1013 1842; x_wconf 88' lang='lat' dir='ltr'><strong>autnon</strong></span> 
     </span>
     <span class='ocr_line' id='line_1_15' title="bbox 55 1880 1015 1980; baseline 0.005 -33"><span class='ocrx_word' id='word_1_105' title='bbox 55 1907 172 1952; x_wconf 79' lang='lat' dir='ltr'><strong>nesse</strong></span> <span class='ocrx_word' id='word_1_106' title='bbox 205 1880 435 1952; x_wconf 85' lang='lat' dir='ltr'><strong>exhibendum</strong></span> <span class='ocrx_word' id='word_1_107' title='bbox 471 1881 633 1955; x_wconf 90' lang='lat' dir='ltr'><strong>bonorem</strong></span> <span class='ocrx_word' id='word_1_108' title='bbox 665 1881 814 1954; x_wconf 85' lang='lat' dir='ltr'><strong>debitum</strong></span> <span class='ocrx_word' id='word_1_109' title='bbox 847 1882 897 1952; x_wconf 89' lang='lat' dir='ltr'><strong>eis</strong></span> <span class='ocrx_word' id='word_1_110' title='bbox 927 1906 1015 1980; x_wconf 89' lang='lat' dir='ltr'><strong>quae</strong></span> 
     </span>
     <span class='ocr_line' id='line_1_16' title="bbox 56 1989 1015 2088; baseline 0.005 -32"><span class='ocrx_word' id='word_1_111' title='bbox 56 2021 73 2057; x_wconf 89' lang='lat'>»</span> <span class='ocrx_word' id='word_1_112' title='bbox 95 1989 181 2063; x_wconf 89' lang='lat' dir='ltr'><strong>baec</strong></span> <span class='ocrx_word' id='word_1_113' title='bbox 205 2008 323 2062; x_wconf 87' lang='lat' dir='ltr'><strong>curent</strong></span> <span class='ocrx_word' id='word_1_114' title='bbox 350 1991 573 2088; x_wconf 88' lang='lat' dir='ltr'><strong>potestatibus</strong></span> <span class='ocrx_word' id='word_1_115' title='bbox 600 1993 633 2062; x_wconf 93' lang='lat' dir='ltr'><strong>in</strong></span> <span class='ocrx_word' id='word_1_116' title='bbox 662 2018 783 2088; x_wconf 83' lang='lat' dir='ltr'><strong>magno</strong></span> <span class='ocrx_word' id='word_1_117' title='bbox 809 2016 922 2064; x_wconf 90' lang='lat' dir='ltr'><strong>errore</strong></span> <span class='ocrx_word' id='word_1_118' title='bbox 939 2017 1015 2062; x_wconf 83' lang='lat' dir='ltr'><strong>ver-</strong></span> 
     </span>
     <span class='ocr_line' id='line_1_17' title="bbox 59 2118 241 2173; baseline 0.005 -4"><span class='ocrx_word' id='word_1_119' title='bbox 59 2118 241 2173; x_wconf 77' lang='lat' dir='ltr'><strong>nactur.»</strong></span> 
     </span>
    </p>

    <p class='ocr_par' dir='ltr' id='par_1_2' title="bbox 51 2210 1022 3649">
     <span class='ocr_line' id='line_1_18' title="bbox 130 2210 1015 2286; baseline 0.005 -4"><span class='ocrx_word' id='word_1_120' title='bbox 130 2212 242 2285; x_wconf 82' lang='lat' dir='ltr'><strong>Restat</strong></span> <span class='ocrx_word' id='word_1_121' title='bbox 268 2238 358 2286; x_wconf 91' lang='lat' dir='ltr'><strong>nunc</strong></span> <span class='ocrx_word' id='word_1_122' title='bbox 383 2229 419 2285; x_wconf 89' lang='lat' dir='ltr'><strong>ut</strong></span> <span class='ocrx_word' id='word_1_123' title='bbox 445 2211 629 2285; x_wconf 86' lang='lat' dir='ltr'><strong>adversarii</strong></span> <span class='ocrx_word' id='word_1_124' title='bbox 663 2211 813 2284; x_wconf 85' lang='lat' dir='ltr'><strong>indicent</strong></span> <span class='ocrx_word' id='word_1_125' title='bbox 832 2211 890 2283; x_wconf 92' lang='lat' dir='ltr'><strong>ubi</strong></span> <span class='ocrx_word' id='word_1_126' title='bbox 914 2210 1015 2286; x_wconf 85' lang='lat' dir='ltr'><strong>divus</strong></span> 
     </span>
     <span class='ocr_line' id='line_1_19' title="bbox 52 2322 1014 2420; baseline -0.001 -26"><span class='ocrx_word' id='word_1_127' title='bbox 52 2323 262 2419; x_wconf 81' lang='lat' dir='ltr'><strong>Augustinus</strong></span> <span class='ocrx_word' id='word_1_128' title='bbox 289 2323 380 2395; x_wconf 91' lang='lat' dir='ltr'><strong>dicat</strong></span> <span class='ocrx_word' id='word_1_129' title='bbox 398 2323 431 2394; x_wconf 92' lang='lat' dir='ltr'><strong>in</strong></span> <span class='ocrx_word' id='word_1_130' title='bbox 458 2323 573 2395; x_wconf 89' lang='lat' dir='ltr'><strong>relatis</strong></span> <span class='ocrx_word' id='word_1_131' title='bbox 596 2322 709 2396; x_wconf 85' lang='lat' dir='ltr'><strong>verbis</strong></span> <span class='ocrx_word' id='word_1_132' title='bbox 727 2323 834 2420; x_wconf 84' lang='lat' dir='ltr'><strong>legem</strong></span> <span class='ocrx_word' id='word_1_133' title='bbox 853 2322 1014 2394; x_wconf 88' lang='lat' dir='ltr'><strong>tributum</strong></span> 
     </span>
     <span class='ocr_line' id='line_1_20' title="bbox 52 2421 1022 2534; baseline 0.003 -31"><span class='ocrx_word' id='word_1_134' title='bbox 52 2435 281 2534; x_wconf 87' lang='lat' dir='ltr'><strong>imponentem</strong></span> <span class='ocrx_word' id='word_1_135' title='bbox 298 2434 448 2531; x_wconf 79' lang='lat' dir='ltr'><strong>obligare</strong></span> <span class='ocrx_word' id='word_1_136' title='bbox 468 2436 501 2505; x_wconf 90' lang='lat' dir='ltr'><strong>in</strong></span> <span class='ocrx_word' id='word_1_137' title='bbox 521 2434 728 2508; x_wconf 89' lang='lat' dir='ltr'><strong>conscientia</strong></span> <span class='ocrx_word' id='word_1_138' title='bbox 746 2435 845 2507; x_wconf 89' lang='lat' dir='ltr'><strong>etiam</strong></span> <span class='ocrx_word' id='word_1_139' title='bbox 865 2435 908 2506; x_wconf 90' lang='lat' dir='ltr'><strong>ad</strong></span> <span class='ocrx_word' id='word_1_140' title='bbox 922 2421 1022 2507; x_wconf 69' lang='lat' dir='ltr'><strong>abiel</strong></span> 
     </span>
     <span class='ocr_line' id='line_1_21' title="bbox 52 2545 1015 2645; baseline -0.002 -27"><span class='ocrx_word' id='word_1_141' title='bbox 52 2563 145 2618; x_wconf 90' lang='lat' dir='ltr'><strong>ctum</strong></span> <span class='ocrx_word' id='word_1_142' title='bbox 174 2545 375 2645; x_wconf 88' lang='lat' dir='ltr'><strong>proximum.</strong></span> <span class='ocrx_word' id='word_1_143' title='bbox 398 2545 566 2632; x_wconf 82' lang='lat' dir='ltr'><strong>Quantum</strong></span> <span class='ocrx_word' id='word_1_144' title='bbox 588 2545 630 2617; x_wconf 91' lang='lat' dir='ltr'><strong>ad</strong></span> <span class='ocrx_word' id='word_1_145' title='bbox 655 2572 718 2618; x_wconf 92' lang='lat' dir='ltr'><strong>nos</strong></span> <span class='ocrx_word' id='word_1_146' title='bbox 750 2546 897 2619; x_wconf 86' lang='lat' dir='ltr'><strong>dicimus</strong></span> <span class='ocrx_word' id='word_1_147' title='bbox 924 2545 1015 2644; x_wconf 93' lang='lat' dir='ltr'><strong>quod</strong></span> 
     </span>
     <span class='ocr_line' id='line_1_22' title="bbox 52 2657 1014 2757; baseline -0.002 -27"><span class='ocrx_word' id='word_1_148' title='bbox 52 2674 87 2730; x_wconf 89' lang='lat' dir='ltr'><strong>et</strong></span> <span class='ocrx_word' id='word_1_149' title='bbox 112 2659 146 2729; x_wconf 93' lang='lat' dir='ltr'><strong>in</strong></span> <span class='ocrx_word' id='word_1_150' title='bbox 178 2674 292 2730; x_wconf 91' lang='lat' dir='ltr'><strong>nostra</strong></span> <span class='ocrx_word' id='word_1_151' title='bbox 324 2658 491 2730; x_wconf 87' lang='lat' dir='ltr'><strong>sententia</strong></span> <span class='ocrx_word' id='word_1_152' title='bbox 524 2657 673 2730; x_wconf 81' lang='lat' dir='ltr'><strong>salvatur</strong></span> <span class='ocrx_word' id='word_1_153' title='bbox 708 2672 813 2731; x_wconf 86' lang='lat' dir='ltr'><strong>totum</strong></span> <span class='ocrx_word' id='word_1_154' title='bbox 842 2657 894 2743; x_wconf 87' lang='lat' dir='ltr'><strong>id,</strong></span> <span class='ocrx_word' id='word_1_155' title='bbox 922 2657 1014 2757; x_wconf 88' lang='lat' dir='ltr'><strong>quod</strong></span> 
     </span>
     <span class='ocr_line' id='line_1_23' title="bbox 52 2767 1015 2867; baseline -0.002 -24"><span class='ocrx_word' id='word_1_156' title='bbox 52 2769 138 2844; x_wconf 90' lang='lat' dir='ltr'><strong>dicit</strong></span> <span class='ocrx_word' id='word_1_157' title='bbox 162 2769 303 2865; x_wconf 82' lang='lat' dir='ltr'><strong>Magnus</strong></span> <span class='ocrx_word' id='word_1_158' title='bbox 330 2768 394 2841; x_wconf 90' lang='lat' dir='ltr'><strong>iste</strong></span> <span class='ocrx_word' id='word_1_159' title='bbox 419 2770 543 2842; x_wconf 87' lang='lat' dir='ltr'><strong>Doctor</strong></span> <span class='ocrx_word' id='word_1_160' title='bbox 564 2768 676 2867; x_wconf 90' lang='lat' dir='ltr'><strong>quoad</strong></span> <span class='ocrx_word' id='word_1_161' title='bbox 708 2768 853 2854; x_wconf 89' lang='lat' dir='ltr'><strong>tributa,</strong></span> <span class='ocrx_word' id='word_1_162' title='bbox 885 2767 1015 2841; x_wconf 75' lang='lat' dir='ltr'><strong>scilicet</strong></span> 
     </span>
     <span class='ocr_line' id='line_1_24' title="bbox 53 2877 1014 2978; baseline -0.005 -25"><span class='ocrx_word' id='word_1_163' title='bbox 53 2881 151 2953; x_wconf 87' lang='lat' dir='ltr'><strong>illurn</strong></span> <span class='ocrx_word' id='word_1_164' title='bbox 178 2907 300 2978; x_wconf 79' lang='lat' dir='ltr'><strong>magno</strong></span> <span class='ocrx_word' id='word_1_165' title='bbox 317 2881 351 2951; x_wconf 95' lang='lat' dir='ltr'><strong>in</strong></span> <span class='ocrx_word' id='word_1_166' title='bbox 370 2906 481 2953; x_wconf 89' lang='lat' dir='ltr'><strong>errore</strong></span> <span class='ocrx_word' id='word_1_167' title='bbox 506 2880 646 2965; x_wconf 86' lang='lat' dir='ltr'><strong>versari,</strong></span> <span class='ocrx_word' id='word_1_168' title='bbox 669 2879 727 2977; x_wconf 85' lang='lat' dir='ltr'><strong>qui</strong></span> <span class='ocrx_word' id='word_1_169' title='bbox 749 2894 843 2976; x_wconf 89' lang='lat' dir='ltr'><strong>putat</strong></span> <span class='ocrx_word' id='word_1_170' title='bbox 861 2904 926 2949; x_wconf 91' lang='lat' dir='ltr'><strong>non</strong></span> <span class='ocrx_word' id='word_1_171' title='bbox 948 2877 1014 2950; x_wconf 87' lang='lat' dir='ltr'><strong>sibi</strong></span> 
     </span>
     <span class='ocr_line' id='line_1_25' title="bbox 52 2990 1014 3087; baseline -0.007 -21"><span class='ocrx_word' id='word_1_172' title='bbox 52 3019 133 3066; x_wconf 90' lang='lat' dir='ltr'><strong>esse</strong></span> <span class='ocrx_word' id='word_1_173' title='bbox 158 2992 298 3087; x_wconf 74' lang='lat' dir='ltr'><strong>vectigal</strong></span> <span class='ocrx_word' id='word_1_174' title='bbox 326 2991 546 3076; x_wconf 78' lang='lat' dir='ltr'><strong>reddendum,</strong></span> <span class='ocrx_word' id='word_1_175' title='bbox 569 3007 627 3064; x_wconf 90' lang='lat' dir='ltr'><strong>aut</strong></span> <span class='ocrx_word' id='word_1_176' title='bbox 654 2990 830 3075; x_wconf 90' lang='lat' dir='ltr'><strong>tributum,</strong></span> <span class='ocrx_word' id='word_1_177' title='bbox 861 3004 919 3062; x_wconf 90' lang='lat' dir='ltr'><strong>aut</strong></span> <span class='ocrx_word' id='word_1_178' title='bbox 947 3015 1014 3062; x_wconf 90' lang='lat' dir='ltr'><strong>non</strong></span> 
     </span>
     <span class='ocr_line' id='line_1_26' title="bbox 51 3100 1016 3200; baseline -0.005 -22"><span class='ocrx_word' id='word_1_179' title='bbox 51 3130 133 3178; x_wconf 90' lang='lat' dir='ltr'><strong>esse</strong></span> <span class='ocrx_word' id='word_1_180' title='bbox 160 3102 386 3176; x_wconf 88' lang='lat' dir='ltr'><strong>exhibendum</strong></span> <span class='ocrx_word' id='word_1_181' title='bbox 411 3103 570 3176; x_wconf 89' lang='lat' dir='ltr'><strong>honorem</strong></span> <span class='ocrx_word' id='word_1_182' title='bbox 589 3102 740 3175; x_wconf 88' lang='lat' dir='ltr'><strong>debitum</strong></span> <span class='ocrx_word' id='word_1_183' title='bbox 759 3103 809 3174; x_wconf 86' lang='lat' dir='ltr'><strong>eis</strong></span> <span class='ocrx_word' id='word_1_184' title='bbox 825 3127 913 3200; x_wconf 87' lang='lat' dir='ltr'><strong>quae</strong></span> <span class='ocrx_word' id='word_1_185' title='bbox 932 3100 1016 3173; x_wconf 86' lang='lat' dir='ltr'><strong>baec</strong></span> 
     </span>
     <span class='ocr_line' id='line_1_27' title="bbox 52 3211 1016 3314; baseline -0.007 -25"><span class='ocrx_word' id='word_1_186' title='bbox 52 3231 175 3290; x_wconf 86' lang='lat' dir='ltr'><strong>curant</strong></span> <span class='ocrx_word' id='word_1_187' title='bbox 200 3215 435 3314; x_wconf 87' lang='lat' dir='ltr'><strong>potestatibus,</strong></span> <span class='ocrx_word' id='word_1_188' title='bbox 467 3214 495 3288; x_wconf 92' lang='lat' dir='ltr'><strong>si</strong></span> <span class='ocrx_word' id='word_1_189' title='bbox 522 3213 730 3288; x_wconf 87' lang='lat' dir='ltr'><strong>christianus</strong></span> <span class='ocrx_word' id='word_1_190' title='bbox 753 3239 830 3285; x_wconf 88' lang='lat' dir='ltr'><strong>esse</strong></span> <span class='ocrx_word' id='word_1_191' title='bbox 853 3211 954 3296; x_wconf 87' lang='lat' dir='ltr'><strong>velit,</strong></span> <span class='ocrx_word' id='word_1_192' title='bbox 982 3225 1016 3282; x_wconf 88' lang='lat' dir='ltr'><strong>et</strong></span> 
     </span>
     <span class='ocr_line' id='line_1_28' title="bbox 53 3320 1016 3424; baseline -0.006 -24"><span class='ocrx_word' id='word_1_193' title='bbox 53 3326 163 3400; x_wconf 82' lang='lat' dir='ltr'><strong>multo</strong></span> <span class='ocrx_word' id='word_1_194' title='bbox 190 3327 298 3424; x_wconf 81' lang='lat' dir='ltr'><strong>magis</strong></span> <span class='ocrx_word' id='word_1_195' title='bbox 326 3326 355 3398; x_wconf 90' lang='lat' dir='ltr'><strong>si</strong></span> <span class='ocrx_word' id='word_1_196' title='bbox 381 3324 599 3398; x_wconf 87' lang='lat' dir='ltr'><strong>arbitraretur</strong></span> <span class='ocrx_word' id='word_1_197' title='bbox 617 3323 812 3422; x_wconf 86' lang='lat' dir='ltr'><strong>supradicta</strong></span> <span class='ocrx_word' id='word_1_198' title='bbox 830 3320 896 3395; x_wconf 87' lang='lat' dir='ltr'><strong>sibi</strong></span> <span class='ocrx_word' id='word_1_199' title='bbox 916 3321 1016 3395; x_wconf 88' lang='lat' dir='ltr'><strong>licere</strong></span> 
     </span>
     <span class='ocr_line' id='line_1_29' title="bbox 55 3431 1017 3538; baseline -0.009 -29"><span class='ocrx_word' id='word_1_200' title='bbox 55 3439 134 3512; x_wconf 91' lang='lat' dir='ltr'><strong>ideo</strong></span> <span class='ocrx_word' id='word_1_201' title='bbox 160 3439 240 3538; x_wconf 89' lang='lat' dir='ltr'><strong>quia</strong></span> <span class='ocrx_word' id='word_1_202' title='bbox 265 3437 485 3524; x_wconf 83' lang='lat' dir='ltr'><strong>christianus,</strong></span> <span class='ocrx_word' id='word_1_203' title='bbox 507 3437 564 3533; x_wconf 90' lang='lat' dir='ltr'><strong>qui</strong></span> <span class='ocrx_word' id='word_1_204' title='bbox 593 3460 715 3507; x_wconf 85' lang='lat' dir='ltr'><strong>sensus</strong></span> <span class='ocrx_word' id='word_1_205' title='bbox 745 3432 854 3528; x_wconf 78' lang='lat' dir='ltr'><strong>magis</strong></span> <span class='ocrx_word' id='word_1_206' title='bbox 884 3431 1017 3505; x_wconf 87' lang='lat' dir='ltr'><strong>videtur</strong></span> 
     </span>
     <span class='ocr_line' id='line_1_30' title="bbox 54 3545 637 3649; baseline -0.015 -25"><span class='ocrx_word' id='word_1_207' title='bbox 54 3549 218 3649; x_wconf 87' lang='lat' dir='ltr'><strong>proprius</strong></span> <span class='ocrx_word' id='word_1_208' title='bbox 244 3563 353 3622; x_wconf 81' lang='lat' dir='ltr'><strong>textus</strong></span> <span class='ocrx_word' id='word_1_209' title='bbox 379 3548 420 3617; x_wconf 90' lang='grc' dir='ltr'><strong>Ι).</strong></span> <span class='ocrx_word' id='word_1_210' title='bbox 443 3545 637 3641; x_wconf 80' lang='lat' dir='ltr'><strong>Augustini.</strong></span> 
     </span>
    </p>

    <p class='ocr_par' dir='ltr' id='par_1_3' title="bbox 132 3654 1014 3757">
     <span class='ocr_line' id='line_1_31' title="bbox 132 3654 1014 3757; baseline -0.011 -22"><span class='ocrx_word' id='word_1_211' title='bbox 132 3662 244 3747; x_wconf 79' lang='lat' dir='ltr'><strong>Quare</strong></span> <span class='ocrx_word' id='word_1_212' title='bbox 269 3661 297 3734; x_wconf 90' lang='lat' dir='ltr'><strong>si</strong></span> <span class='ocrx_word' id='word_1_213' title='bbox 324 3659 404 3731; x_wconf 88' lang='lat' dir='ltr'><strong>inde</strong></span> <span class='ocrx_word' id='word_1_214' title='bbox 430 3657 552 3757; x_wconf 86' lang='lat' dir='ltr'><strong>poterit</strong></span> <span class='ocrx_word' id='word_1_215' title='bbox 577 3657 655 3756; x_wconf 90' lang='lat' dir='ltr'><strong>quis</strong></span> <span class='ocrx_word' id='word_1_216' title='bbox 681 3656 881 3731; x_wconf 82' lang='lat' dir='ltr'><strong>concludere</strong></span> <span class='ocrx_word' id='word_1_217' title='bbox 907 3654 1014 3752; x_wconf 75' lang='lat' dir='ltr'><strong>legem</strong></span> 
     </span>
    </p>
   </div>
   <div class='ocr_carea' id='block_1_2' title="bbox 0 0 1330 4430">
    <p class='ocr_par' dir='ltr' id='par_1_4' title="bbox 0 0 1330 4430">
     <span class='ocr_line' id='line_1_32' title="bbox 0 0 1330 4430; baseline 0 0"><span class='ocrx_word' id='word_1_218' title='bbox 0 0 1330 4430; x_wconf 95' lang='lat' dir='ltr'><strong> </strong></span> 
     </span>
    </p>
   </div>
  </div>
 </body>
</html>
