2640 4430
447 323 485 338 ...
506 290 546 352 39
567 322 605 338 .-

119 393 299 468 Discinctio
333 414 461 484 tamon,
493 422 594 494 quam
623 421 683 494 pro
713 395 777 469 hac
803 396 1003 493 quaestione

41 505 87 578 de
114 504 321 602 obligatione
345 507 430 604 logis
460 507 658 580 tributorum
677 508 711 578 in
730 507 936 580 conscientia
953 508 1004 580 al-

40 615 158 689 lorunt
191 616 249 688 alii
282 645 321 691 on
351 605 476 692 citatis
498 618 739 692 recentioribus
764 619 852 690 inter
872 617 1003 691 ,tributa

39 726 174 800 directa
205 743 237 799 et
261 727 437 816 indirecta,
459 745 491 802 et
517 729 649 802 illorum
677 729 820 806 assertio
842 754 909 826 qua
926 727 999 814 alii,

40 854 79 910 ut
105 838 253 926 Scavini,
274 839 389 914 volunt
418 840 547 914 nullum
567 867 644 914 esse
660 839 813 926 dubium,
834 839 925 937 quod
945 839 1003 911 tri-

39 948 125 1022 buta
153 949 280 1026 directa
306 951 467 1050 solvenda
486 953 555 1024 sint
571 977 610 1024 eo
629 951 728 1024 modo
754 975 821 1049 quo
838 949 909 1022 uult
935 947 1003 1049 pri-

41 1087 98 1134 ma
125 1061 304 1148 sententia,
327 1089 392 1140 non
420 1062 553 1136 videtur
578 1079 630 1136 sat
654 1062 767 1136 valido
785 1059 1002 1134 fundamento

40 1172 117 1257 niti,
141 1189 173 1244 ct
202 1173 337 1272 quidem
362 1200 401 1245 ex
429 1201 496 1246 una
524 1191 617 1272 parte
644 1200 705 1246 nec
731 1173 797 1271 ipsi
824 1171 914 1271 quod
933 1187 1002 1246 sta·

40 1299 144 1356 luunt
168 1282 321 1381 probant,
343 1284 408 1356 nisi
437 1285 478 1358 ad
505 1311 673 1356 summum
701 1283 734 1353 in
760 1297 922 1381 quantum
943 1308 1003 1381 pro

39 1395 197 1480 directis
218 1394 269 1467 vel
299 1422 357 1493 pro
384 1395 554 1495 aliquibus
581 1423 619 1469 cx
648 1396 716 1468 illis
743 1394 915 1466 adducunt
940 1393 1002 1466 ali-

40 1531 131 1604 quas
155 1532 195 1576 ex
221 1505 407 1578 rationibus
434 1534 519 1606 quas
556 1532 614 1606 pro
650 1533 687 1579 se
721 1505 860 1578 adducit
894 1505 1003 1603 prima

39 1616 224 1701 sententia,
245 1643 398 1716 quasque
425 1643 486 1692 nos
506 1616 694 1703 retulimus;
715 1635 747 1689 et
764 1644 804 1690 ox
822 1616 890 1688 alia
907 1632 1002 1714 parta

41 1726 124 1798 dnm
153 1727 301 1798 referunt
327 1727 495 1812 rationes,
525 1753 613 1827 quaa
639 1727 784 1802 militant
817 1753 878 1824 pro
906 1726 1002 1798 indi-

41 1838 157 1923 rectis,
178 1837 313 1911 easdem
341 1841 487 1912 rationes
515 1840 665 1938 praecisa
691 1839 879 1925 adducunt,
914 1863 1002 1937 quas

14 2017 22 2029 ,
42 1975 104 2048 pro
132 1977 168 2022 se
194 1949 290 2028 affert
317 1951 466 2023 secunda
485 1952 664 2036 sententia,
685 1976 840 2048 quaeque
858 1966 924 2021 tam
941 1976 1001 2046 pro

40 2061 182 2133 directis
208 2087 309 2159 quam
335 2088 393 2161 pro
419 2061 593 2134 indirectis
621 2061 730 2137 lacere
757 2058 924 2147 videntur,
943 2059 1002 2133 illa

41 2172 72 2244 si
101 2173 249 2272 excipias
280 2173 323 2246 de
357 2173 482 2272 quibus
514 2175 546 2244 in
579 2172 788 2271 praemissis.
823 2172 896 2244 Non
923 2198 1001 2268 ergo

9 2317 14 2324 ·
40 2281 120 2382 plus
146 2284 296 2378 cogimur
329 2283 416 2358 hanc
446 2284 697 2357 distinctionem
732 2281 909 2381 amplecti,
939 2309 1002 2356 nac

39 2397 201 2466 maiorem
221 2420 403 2490 agnoscere
420 2394 657 2492 obligationem
677 2396 788 2494 quoad
806 2393 930 2467 tributa
949 2395 1001 2465 di-

40 2521 144 2592 recta,
166 2530 205 2578 ac
231 2531 390 2602 cogamur
416 2509 510 2606 sequi
540 2509 679 2604 primam
707 2507 919 2592 sententiam,
951 2533 1001 2580 ra-

39 2613 121 2686 liota
146 2615 308 2702 secunda,
330 2616 382 2688 oui
413 2617 538 2714 potina,
559 2617 642 2688 mihi
661 2617 805 2702 videtur,
828 2632 864 2688 ut
884 2616 1002 2714 proba·

37 2724 153 2798 biliori
181 2725 462 2800 subscribendum
490 2728 609 2800 saltem
639 2745 773 2827 propter
798 2728 894 2827 plura
927 2727 1001 2800 eius

38 2835 273 2910 fundamenta.

78 3003 278 3100 Argumenta
291 3005 419 3102 primae
437 3008 612 3078 sententiae
631 3007 797 3104 infirmare
815 3019 961 3076 curator.

115 3169 211 3243 Iuvat
235 3197 325 3244 nuno
351 3190 546 3269 argumenta
577 3177 705 3273 primae
734 3175 919 3248 sententiae
945 3199 1001 3244 ex-

38 3300 174 3366 outone²
204 3298 237 3355 ot
262 3283 290 3354 si
320 3283 483 3380 possibile
508 3285 553 3356 sit
577 3311 747 3358 enervare.
776 3285 827 3358 Ad
853 3286 1001 3384 primum

40 3387 238 3479 dicendum,
259 3395 490 3467 auctoritatem
509 3397 643 3469 Domini
671 3400 774 3471 nostri
801 3425 867 3471 non
893 3398 1000 3470 rideri

37 3506 83 3578 ad
113 3533 194 3580 rem.
215 3507 299 3579 Nam
326 3506 444 3605 aliqui,
467 3525 502 3578 ut
529 3509 690 3596 Mariana,
712 3509 829 3582 dicunt
850 3509 922 3582 loco
940 3508 1002 3580 ad-

38 3620 143 3694 ducto
164 3618 271 3692 fuisse
284 3621 516 3718 quaestionem
531 3620 573 3693 da
588 3621 711 3695 tributo
725 3621 815 3721 quod
835 3637 905 3694 erat
922 3636 1001 3693 tem-
