2640 4430
477 342 515 355 ..
537 312 557 369 7
579 342 617 355 ..

57 416 204 515 ponitur
230 437 297 528 pro
315 429 465 511 tempore
482 439 551 512 quo
568 413 646 486 talis
664 413 849 487 necessitas
868 414 911 488 ob
919 441 1033 530 quam

62 527 253 625 imponitur
269 515 487 626 perdurabit.

138 635 222 709 Inde
248 635 363 708 adhuc
387 636 503 708 variae
529 636 616 710 aliae
643 635 931 735 appellationes
906 665 942 708 1n
960 639 1032 712 iure

62 749 223 834 Cesaram
239 773 286 844 ex
302 772 371 845 quo
396 746 559 819 tributum
585 751 721 847 proprie
747 747 924 821 dicebatur
940 750 1032 847 quod

63 886 169 958 super
194 858 307 955 capita
335 856 388 931 vel
419 857 597 930 facultates
632 857 861 930 subditorum.
880 861 1033 958 impone-

60 969 178 1055 batur,
199 967 356 1066 vectigal,
379 969 471 1067 quod
497 969 607 1066 magis
634 970 768 1069 proprie
793 987 967 1069 acceptum
986 972 1033 1044 si-

55 1078 251 1176 ¹gnificabat
283 1080 351 1166 id,
369 1079 460 1178 quod
497 1105 556 1179 pro
586 1079 688 1152 rebus
715 1081 749 1151 iu
776 1081 946 1154 civitatem
980 1083 1033 1152 in·

61 1191 244 1277 vehendis,
267 1191 320 1264 vel
347 1189 389 1263 ab
416 1190 475 1263 illa
502 1190 687 1263 evehendis
714 1192 921 1265 solvebatur.
952 1194 1032 1266 Por·

63 1305 190 1377 torium
216 1304 308 1410 quod
335 1304 451 1377 stricte
474 1321 647 1402 sumptum
666 1304 896 1430 accipiebatur
914 1331 975 1404 pro
992 1330 1032 1378 eo

53 1415 157 1514 qnod
184 1405 377 1488 solvebatur
404 1441 464 1513 pro
497 1415 745 1487 transvectione
780 1418 942 1538 mercium
974 1441 1033 1514 per

56 1543 187 1622 pontes
214 1544 247 1599 et
272 1527 427 1597 ssumina

140 1637 346 1734 Pcdaqr‘om,
382 1635 584 1733 Guidoqr'um
619 1624 709 1735 quod
743 1636 937 1710 solvebatur
962 1663 1032 1740 'pro

61 1749 197 1819 viarum
225 1748 493 1830 conservatione,
514 1765 548 1819 et
569 1747 718 1820 locorum
736 1747 960 1822 custodienda
979 1775 1033 1821 se-

60 1857 220 1944 cnritate,
242 1859 290 1931 ita
315 1875 353 1931 ut
379 1859 436 1930 ille
461 1859 496 1928 in
522 1861 620 1931 ouius
639 1857 819 1931 utilitatem
839 1857 1034 1932 solvebatur

62 1969 253 2093 Pedaqr'um
279 1996 339 2043 seu
359 1970 562 2068 Guidaqt'um
579 1970 717 2043 deberet
742 1973 932 2070 antiquitus
951 1972 1034 2044 dare

62 2081 280 2153 securitatem
307 2080 575 2166 transeuntibus
608 2107 707 2180 quos,
741 2082 771 2154 si
799 2109 818 2153 a
844 2081 1032 2154 latronibus

62 2190 119 2262 vel
138 2190 263 2264 aliis
232 2217 323 2263 vram
343 2190 584 2264 infestantibus
603 2191 763 2290 expoliati
783 2192 954 2264 luissent
946 2206 1034 2264 mter

61 2301 165 2388 duce,
186 2302 370 2388 utdicunt,
392 2302 494 2388 soleS,
517 2303 694 2377 indemnes
714 2302 1029 2377 redderedebebat

138 2413 180 2484 Et
205 2411 290 2486 alias
316 2412 429 2485 adhuc
464 2412 634 2487 habebant
660 2414 863 2488 tributorum
898 2416 1031 2514 species

63 2523 220 2609 Romani,
243 2522 301 2594 illa
327 2539 438 2595 tamen
458 2525 678 2597 materialiter
695 2542 824 2597 tantum
843 2524 1033 2621 distingue·

58 2634 201 2720 bantur,
222 2660 407 2734 eorumque
433 2636 572 2708 nomina
599 2663 701 2736 saepe
723 2636 1029 2723 confundebantur,

61 2745 217 2818 etunius
236 2745 373 2817 nomine
389 2762 522 2818 caetera
542 2773 645 2845 saepe
659 2747 845 2844 significari
863 2747 1029 2820 solebant.

58 2855 176 2927 Videri
203 2871 314 2954 potest
332 2857 481 2928 Ferraris
502 2861 548 2952 (v.
572 2857 710 2930 Gabella
732 2885 767 2928 n.
792 2860 826 2928 3.
849 2859 973 2930 Suarez
990 2857 1033 2930 de

61 2965 200 3063 legibus
226 2965 286 3037 lib.
310 2970 344 3038 ὃ.
366 2993 397 3038 c.
417 2970 476 3040 13.
497 2995 518 3041 a
544 2996 578 3039 n.
602 2972 669 3061 h).

139 3076 253 3150 Multis
280 3079 314 3148 in
343 3078 425 3152 locis
454 3079 555 3152 hodie
580 3080 727 3152 maxima
754 3079 883 3152 obtinet
901 3078 958 3152 illa
977 3081 1034 3151 tri-

57 3190 222 3261 butorum
252 3188 398 3276 divisio,
429 3218 489 3289 per
523 3219 625 3291 quam
656 3191 914 3288 distinguuntur
946 3193 1034 3265 inter

59 3300 194 3370 directa
220 3316 252 3371 et
277 3300 456 3373 indirecta.
490 3302 625 3375 Directa
650 3303 813 3374 dicuntur
839 3328 927 3400 quae
957 3329 1035 3401 per-

60 3437 185 3483 sonam
213 3411 264 3484 vel
291 3411 365 3484 eius
391 3412 481 3486 bona
509 3413 704 3486 immediate
721 3413 886 3486 afficiunt.
909 3414 1035 3487 Huius·

64 3520 158 3592 modi
187 3537 267 3593 sunt
284 3522 408 3595 tributa
428 3522 545 3610 realia,
567 3552 655 3624 quae
673 3552 777 3624 super
794 3551 894 3623 agros
913 3525 1033 3599 domos

61 3633 299 3731 imponuntur,
321 3650 353 3707 et
379 3661 467 3735 quae
494 3635 617 3710 alicubi
647 3663 752 3736 super
777 3663 969 3736 personam,
1000 3651 1035 3708 et
