2640 4430
726 292 881 352 ..16-

327 395 554 491 portionatnm
584 394 627 482 ad
655 396 847 470 necessaria
884 394 1039 468 subsidia
1068 421 1125 519 per
1159 397 1281 470 tributa

313 504 521 591 obtinenda,
542 520 575 577 et
600 532 701 603 posse
725 532 778 578 res
805 505 847 578 ad
868 533 966 578 usum
989 505 1161 618 proprium
1178 507 1282 582 desti-

327 630 422 688 natas
450 632 562 688 taxare
588 631 658 688 turn
686 615 809 701 solnm,
831 641 936 715 quum
964 617 1125 713 aptiorem
1126 605 1280 691 modum

327 751 393 797 non
420 727 582 810 inveniat,
603 742 635 798 et
659 752 699 797 ex
725 727 889 811 Sanchez,
907 753 1007 826 quem
1035 727 1133 800 etiam
1151 728 1283 801 videtur

327 835 469 935 probare
495 839 528 908 S.
551 836 746 934 Alphonsus
777 839 880 931 (ott.
897 863 932 935 q.
952 838 1017 931 4.),
1049 863 1153 934 super
1178 837 1279 924 bona,

325 971 414 1043 quae
444 946 485 1016 ad
518 948 690 1045 proprium
718 973 815 1018 usum
843 946 1051 1033 deseruntur,
1075 974 1140 1019 non
1160 948 1282 1022 intelli-

325 1055 415 1151 gitur
441 1055 634 1153 impositum
667 1055 841 1138 tributum,
863 1082 924 1128 nec
954 1056 1030 1128 ideo
1057 1059 1120 1128 erit
1150 1058 1283 1131 solven-

325 1166 429 1250 dum,
470 1166 534 1237 nisi
566 1193 726 1265 expresse
750 1168 959 1265 imponatur,
997 1183 1098 1266 atque
1123 1195 1284 1267 expressa

325 1276 368 1348 de
394 1277 470 1373 ipso
496 1277 583 1348 facta
614 1278 658 1350 sit
685 1279 820 1362 mentio;
842 1304 955 1350 verum
980 1277 1014 1348 in
1032 1277 1127 1350 {tutta
1152 1278 1284 1353 Coenac

278 1463 280 1470 ,
328 1386 377 1484 (ss
397 1389 447 1482 5.)
464 1388 796 1459 excommunicantur
820 1387 1015 1485 omnesqui
1043 1386 1076 1456 in
1094 1387 1193 1460 terris
1210 1391 1283 1462 suis

325 1523 411 1569 nova
432 1495 591 1594 Pedagie,
613 1523 674 1570 seu
695 1496 851 1570 Gabellus
879 1514 1113 1596 praeterquam
1139 1498 1173 1570 in
1200 1501 1286 1573 casi-

323 1605 420 1678 busa
440 1606 524 1692 iure,
550 1632 610 1678 seu
633 1634 672 1679 ex
695 1600 836 1704 speciali
858 1608 893 1676 S.
911 1605 1125 1704 Apostolicae
1148 1607 1284 1683 licentia

324 1715 503 1816 permissis
530 1717 708 1817 imponunt
729 1717 780 1790 vel
796 1732 933 1814 augent,
956 1716 1009 1788 vel
1027 1717 1177 1814 exigunt.
1202 1721 1283 1794 ltern

323 1824 463 1897 ibidem'
483 1826 531 1924 (ss.
551 1829 626 1922 18.)
657 1827 993 1899 excommunicentur
1023 1851 1140 1900 omnes
1167 1829 1285 1903 cuius-

324 1961 471 2034 cumque
488 1934 557 2007 sint
584 1936 847 2034 praeminentiae
871 1935 1003 2008 etiarnsi
1019 1935 1206 2034 imperiali,
1230 1956 1286 2011 aut

323 2043 452 2141 Regali,
489 2062 547 2117 aut
572 2045 759 2118 Pontificali
789 2045 953 2142 dignitate
984 2043 1196 2142 praefulgent
1227 2051 1285 2148 qui

324 2154 496 2242 collectas,
507 2155 668 2242 decimas,
682 2155 812 2244 telleas,
835 2154 1062 2253 praestantiae
1076 2171 1109 2227 et
1122 2155 1190 2228 alia
1204 2184 1285 2232 one·

323 2293 361 2339 ra
378 2265 524 2351 clericis,
547 2267 721 2364 praelatis,
740 2284 772 2339 et
801 2264 878 2338 aliis
906 2265 1060 2362 personis
1078 2265 1286 2342 ecclesiasti·

323 2376 387 2464 cis,
407 2402 446 2449 ac
474 2402 588 2449 eorum
615 2394 648 2449 et
676 2375 911 2462 ecclesiarum,
939 2375 1235 2468 Monasteriorum,
1258 2398 1287 2454 et

320 2485 564 2558 Beneficiorum
603 2484 909 2560 ecclesiasticorum
944 2485 1044 2558 bonis
1081 2485 1287 2592 illorumque

321 2595 502 2684 fructibus,
531 2596 735 2685 redditibus,
757 2612 790 2670 et
814 2585 1034 2696 proventibus
1059 2596 1191 2698 absque
1224 2601 1287 2674 Ro

321 2709 413 2783 mani
440 2709 613 2783 Pontificis
639 2708 780 2809 speciali
810 2725 844 2782 et
869 2734 1031 2808 expressa
1055 2707 1237 2782 licentia
1226 2739 1287 2784 rm·

320 2836 471 2921 ponunt,
505 2837 538 2893 et
562 2820 707 2900 diversis
733 2821 835 2894 etiam
860 2817 1039 2922 exquisitis
1069 2819 1179 2894 modis
1208 2824 1287 2896 exi-

321 2948 417 3030 gunt,
449 2949 508 3005 aut
533 2932 583 3005 sic
610 2931 771 3032 imposita
799 2931 900 3004 etiam
926 2957 947 3003 a
973 2945 1096 3029 sponte
1121 2930 1288 3008 dantibus

321 3059 355 3115 et
375 3042 636 3118 concedentibus
663 3044 845 3144 recipiunt:
876 3069 938 3116 nec
968 3067 1035 3114 non
1065 3041 1124 3143 qui
1152 3069 1218 3140 per
1236 3072 1285 3134 se,

320 3152 374 3226 vel
399 3153 485 3227 alios
514 3154 642 3228 directe
669 3152 721 3227 vel
751 3151 915 3226 indirecte
945 3151 1119 3252 praedicta
1147 3153 1286 3244 facere,

321 3264 455 3364 exequi,
479 3264 532 3339 vel
563 3290 768 3366 procurare,
790 3279 849 3336 eut
877 3261 912 3334 in
946 3261 1076 3336 eisdem
1103 3262 1287 3354 auxilinm,

320 3373 514 3464 consilium,
536 3374 590 3450 rel
612 3375 759 3451 favorem
780 3389 955 3473 praestare
975 3399 1042 3448 non
1059 3389 1236 3486 verentur.

731 3605 877 3622 ἠ
