2640 4430
708 325 746 338 ..
769 292 808 351 48
829 323 867 336 ..

308 402 399 504 apud
417 401 575 498 antiquos
594 399 761 471 Romanos
780 395 951 510 appellata
970 395 1076 468 luisse
1092 395 1279 492 vectigalia

309 539 397 614 quae
415 510 634 607 exigebantur
650 536 690 581 ex
709 532 872 602 agrorum·
885 505 989 593 cultu,
1007 522 1096 578 etex
1115 507 1276 604 pascuis,

309 623 465 723 quamvis
491 637 524 693 et
550 620 583 691 id
610 617 785 714 vectigalia
811 615 1148 714 comprehenderent,
1181 618 1278 715 quod

311 761 349 806 er
378 731 537 804 mercium
566 729 759 801 traiectione
781 743 853 799 erat
870 726 1066 799 solvendum
1084 727 1178 826 quod
1201 746 1280 824 post

310 843 483 915 Budaeum
510 859 542 914 et
567 840 760 912 Ciceronem
790 838 891 910 tradit
919 839 1089 911 Navarrus
1119 837 1170 932 (G.
1200 841 1279 910 Fra-

312 954 451 1027 ternitas
471 955 543 1046 48.)
564 977 652 1049 quae
677 975 794 1022 omnes
822 949 953 1046 species
972 948 1099 1029 tributi,
1124 950 1153 1021 si
1172 975 1279 1021 accu-

313 1081 384 1136 rate
410 1078 603 1162 spectentur
628 1061 784 1133 videntur
810 1059 920 1157 magis
946 1059 1106 1132 accedere
1127 1060 1171 1131 ad
1203 1059 1277 1145 illa,

313 1174 460 1274 quaein
489 1175 638 1245 omniurn
665 1170 832 1243 sententia
858 1169 1019 1243 solvenda
1046 1169 1212 1244 diximus.
1239 1172 1279 1242 Et

314 1285 451 1384 quidem
479 1283 521 1356 de
549 1282 672 1354 tributo
697 1309 737 1352 ex
763 1307 919 1377 agrorum
937 1281 1027 1353 cultu
1048 1297 1153 1379 patet,
1174 1281 1221 1354 de
1239 1308 1279 1354 eo

315 1422 355 1468 ex
383 1393 519 1494 pascuis
545 1393 645 1465 etiam
673 1391 804 1464 videtur
830 1407 996 1480 constare,
1012 1415 1091 1464 nam
1118 1391 1154 1462 id
1173 1391 1279 1465 debe-

314 1507 413 1578 batur
439 1505 538 1576 etiarn
566 1531 605 1576 ex
631 1529 709 1575 vero
734 1518 919 1589 contractu,
946 1518 983 1574 ut
1009 1503 1115 1599 magis
1142 1503 1279 1575 videtur
1305 1521 1306 1538 ¹

315 1614 503 1715 probabile,
531 1613 612 1710 quia
639 1637 786 1711 pascua,
817 1629 914 1709 prout
939 1611 1071 1686 videtur
1096 1639 1278 1709 argumen-

315 1725 469 1810 tandum,
490 1738 586 1796 erant
611 1720 828 1820 reipublicae,
851 1723 940 1822 quod
968 1724 1070 1796 etiam
1095 1724 1278 1798 confirma·

318 1854 371 1910 tur
396 1861 437 1907 ex
462 1861 501 1908 eo
527 1833 617 1934 quod
644 1851 677 1906 et
702 1833 878 1906 dicebatur
896 1835 1077 1932 scriptura,
1094 1834 1187 1934 quod
1209 1863 1278 1908 ma·

317 1948 370 2044 gis
400 1944 527 2018 indicat
559 1943 755 2018 interfuisse
786 1961 1019 2032 contractum;
1047 1947 1091 2018 de
1125 1973 1165 2019 eo
1199 1975 1278 2022 vero

317 2057 408 2157 quod
444 2056 694 2155 percipiebatur
730 2079 770 2126 ex
805 2076 1025 2128 mercatorum
1062 2057 1278 2154 navigatione

319 2185 409 2241 esset
433 2166 617 2239 videndum
645 2167 814 2265 quomodo
839 2183 872 2239 et
897 2167 1043 2265 qualiter
1064 2185 1155 2240 esset
1172 2184 1279 2241 statu·
1307 2185 1308 2190 ’

319 2295 403 2364 tum,
426 2303 504 2348 nam
530 2277 560 2348 si
589 2277 778 2374 respublica
804 2276 986 2374 quamdam
1014 2294 1142 2352 tantum
1172 2280 1278 2377 priva-

319 2387 436 2471 tivam,
459 2403 495 2457 ut
521 2387 568 2457 ita
586 2385 713 2472 dicunt,
735 2386 924 2472 habuisset,
942 2403 1032 2485 patet
1049 2386 1140 2486 quod
1160 2389 1278 2462 saltem
1308 2477 1309 2482 ἵ

319 2523 361 2570 ex
387 2512 480 2596 parte
505 2496 589 2568 illud
617 2497 737 2569 luisset
762 2497 912 2570 debitum
931 2523 971 2569 ex
989 2514 1174 2583 contractu,
1195 2517 1228 2572 et
1244 2501 1278 2572 in

319 2608 446 2680 iustam
464 2608 769 2706 compensationem
788 2607 1069 2706 utilitatis,quam
1088 2609 1279 2710 respublica

320 2718 496 2792 mercatori
514 2716 706 2792 conferebat
723 2745 849 2793 merces
869 2719 1084 2793 traiiciendo.·

395 2830 558 2928 Tempore
583 2845 693 2903 autem
712 2829 908 2902 Tertulliani
927 2829 1100 2928 probabile
1117 2833 1279 2931 estquod

322 2942 472 3015 nondum
508 2940 599 3013 illam
639 2941 919 3038 significationem
958 2941 1098 3016 verbum
1136 2945 1280 3042 vectigal

323 3053 487 3136 amiserit,
509 3051 538 3123 si
565 3067 677 3124 tamen
703 3051 755 3146 ad*
773 3069 921 3124 nostram
949 3052 1213 3151 disputationem
1231 3056 1282 3128 la·

322 3161 369 3234 cit
393 3160 589 3234 Tertulliani
615 3177 737 3246 textus,
768 3162 947 3260 praecipue
973 3189 1077 3262 quum
1096 3145 1279 3238 'rideamus

301 3271 500 3372 ‚posteriori
534 3286 683 3371 tempore
714 3271 750 3342 in
781 3272 980 3361 Pandectis,
1015 3289 1100 3347 teste
1133 3275 1279 3362 Suarez,

327 3385 372 3477 (c.
391 3383 449 3453 13.
472 3383 506 3452 2.
527 3408 568 3454 ex
593 3382 667 3480 lege
694 3385 728 3455 1.
758 3399 791 3456 et
816 3386 850 3455 2.
875 3413 892 3454 a
922 3383 956 3456 Si
982 3409 1062 3482 ager
1086 3384 1278 3483 vectigale)

324 3491 415 3565 idam
448 3490 586 3565 verbnm
620 3493 764 3591 vectigal
799 3494 941 3569 retinere
973 3495 1277 3593 significationem,

325 3630 414 3704 quae
440 3602 644 3681 nouaclum
670 3629 749 3680 non.
764 3605 940 3697 convenit,
966 3622 1005 3682 ut
1034 3606 1143 3709 aliqui
1167 3608 1289 3688 volunt
