2640 4430
689 301 726 314 ..
748 271 788 329 22
809 301 846 316 .-

292 401 368 448 esse
393 373 535 472 vectigal
556 373 753 448 solvendum
761 430 834 448 .....
854 377 889 446 in
908 401 1030 472 magno
1046 401 1160 448 errore
1181 400 1261 446 ver-

293 501 399 558 satur.
420 513 436 556 n
457 487 498 557 Et
523 485 604 558 alibi
631 487 689 557 ait:
708 516 725 554 a
745 486 908 560 Nolumus
935 504 1059 571 tamen,
1089 485 1260 585 qnoniam

205 673 210 683 ,
295 627 314 663 2>
336 595 408 668 fisci
427 595 557 668 debitor
575 596 649 684 luit,
664 597 754 670 hunc
767 597 963 696 scrupulum
981 596 1106 670 habere
1125 597 1161 666 in
1176 621 1261 668 cou-

299 735 316 775 »
338 706 494 784 scientia.
516 707 632 807 Neque
659 708 747 780 enim
771 708 863 780 lraus
891 708 969 794 ista,
992 707 1073 806 quia
1091 707 1178 779 fisco
1200 705 1262 777 lie-

300 815 415 890 »batt
449 817 525 890 ideo
548 843 613 888 uon
642 816 754 890 fiebat.
789 819 831 889 Et
860 816 930 889 ille.
947 817 1087 915 quidem
1112 815 1259 900 Paulus,

300 944 518 1026 »postquam
547 927 736 1027 Episcopus
764 928 872 1002 lactus
900 946 970 1014 est,
1002 928 1262 1020 renuntiaturus

300 1037 413 1110 »suis
438 1037 595 1110 omnibus
622 1038 722 1112 rebus
749 1058 882 1138 propter
907 1040 1109 1111 immensum
1141 1064 1263 1110 cumu-

301 1180 319 1215 »
341 1147 409 1219 lum
429 1148 594 1220 fiscalium
613 1149 814 1236 debitorum,
828 1167 942 1223 exacta
961 1150 1108 1249 quadam
1127 1149 1261 1222 cautio-

303 1287 321 1327 »
343 1285 396 1345 ne,
418 1260 453 1331 in
478 1288 546 1360 qua
564 1278 690 1334 certum
708 1263 739 1334 ei
761 1262 892 1361 pondus
910 1261 1095 1334 debebatur
1113 1263 1259 1357 argenti,

304 1395 323 1435 n
344 1367 407 1442 hos
432 1369 570 1466 exiguos
596 1371 735 1468 agellos
769 1370 858 1444 unde
883 1372 1008 1444 victum
1036 1387 1259 1453 sustentaret,

305 1509 322 1547 n
344 1495 504 1578 tanquam
519 1481 691 1554 Ecclesiae
712 1482 933 1579 comparavit,
948 1480 1013 1553 sub
1032 1481 1169 1554 nomine
1185 1498 1263 1552 tunc

306 1618 324 1656 »
348 1590 601 1686 potentissimae
618 1592 751 1677 domus,
773 1608 810 1663 ut
830 1592 989 1664 etiamen
1015 1591 1114 1688 ipsiS,
1136 1617 1262 1663 morem

307 1731 326 1770 n
347 1727 447 1772 suum
474 1729 633 1801 sequens,
655 1687 730 1776 cum
763 1704 845 1776 fisco
876 1731 942 1776 non
974 1703 1129 1789 solveret,
1151 1701 1263 1774 nullas

308 1840 326 1880 n
347 1827 539 1884 exactorum
565 1815 737 1888 molestias
763 1833 942 1911 pateretur.
965 1817 1031 1888 lste
1057 1831 1169 1899 autem
1192 1816 1264 1908 (Bo-

309 1955 327 1994 »
349 1925 506 2021 nilacius)
528 1929 585 2026 qui
610 1928 719 1999 eidem
739 1927 923 2014 Ecclesiae,
945 1927 1003 2002 illo
1021 1927 1193 2013 defuncto,
1216 1943 1265 1998 est

310 2067 328 2106 »
350 2037 538 2124 ordinatus,
560 2040 671 2112 timuit
691 2039 755 2112 hos
781 2065 879 2137 agros
906 2039 1094 2136 suscipere,
1131 2055 1165 2110 et
1190 2064 1262 2110 cum

312 2179 330 2217 »
353 2167 467 2248 posset
493 2177 552 2249 pro
578 2149 661 2222 solis
689 2150 862 2222 fiscalibus
879 2149 1016 2238 debitis,
1034 2175 1121 2248 quae
1139 2148 1182 2220 de
1199 2175 1265 2220 me·

313 2293 331 2331 n
353 2263 490 2334 moratis
518 2262 807 2360 possessiunculis
833 2261 890 2333 ille
916 2277 1138 2345 contraxerat,
1162 2261 1264 2357 impe-

314 2403 333 2442 u
354 2371 437 2444 riale
463 2373 663 2445 beneficium
690 2373 873 2473 postulare,
895 2389 999 2444 totum
1024 2370 1145 2443 maluit
1165 2369 1266 2443 conli-

315 2515 334 2552 »
355 2485 430 2570 teri,
452 2484 543 2582 quod
570 2511 627 2556 eas
654 2484 778 2558 Paulus
805 2483 848 2556 de
866 2501 1003 2580 argento
1022 2481 1173 2582 proprio,
1194 2507 1264 2553 cum

237 2623 240 2630 ⁴
315 2625 333 2662 »
355 2612 446 2666 esset
471 2596 554 2668 fisco
581 2595 746 2668 obnoxius
772 2595 814 2666 de
832 2594 982 2666 hastario
1000 2608 1137 2676 emerat,
1159 2607 1196 2662 ut
1213 2617 1265 2662 eas
1288 2641 1289 2644 κ

315 2734 335 2772 n
356 2705 523 2792 Ecclesia,
544 2707 571 2778 si
600 2707 672 2778 fieri
701 2723 829 2805 potest,
859 2732 926 2777 non
953 2703 1084 2776 occulta
1109 2701 1266 2801 Episcopi

318 2846 335 2884 n
358 2815 548 2914 iniquitate,
566 2817 626 2888 sed
654 2817 832 2890 manifesta
857 2815 1033 2888 christiani
1061 2813 1267 2912 imperatoris

318 2955 336 2994 n
358 2925 561 3000 liberalitate
587 2927 771 3026 possideat.
790 2925 888 3011 Quod
915 2926 943 2996 si
972 2925 1044 2997 lieri
1064 2950 1130 2995 non
1151 2937 1264 3022 potest,

320 3066 338 3105 »
359 3036 481 3109 melius
508 3037 644 3134 inopiae
661 3035 809 3108 laborem
829 3037 917 3109 se'rri
935 3036 996 3107 Dei
1015 3033 1157 3108 tolerant
1174 3059 1268 3132 quam

321 3165 396 3220 >tut
428 3149 695 3221 necessariorum
730 3147 921 3220 facultatem
955 3173 1031 3220 cum
1070 3145 1269 3219 conscientia

320 3257 492 3330 »fraudis
518 3258 703 3331 obtineant.
725 3258 774 3328 Ad
802 3258 867 3331 hoc
889 3274 983 3330 tuum
1002 3257 1199 3352 suffragium
1217 3281 1269 3352 pe—

324 3399 340 3433 »
362 3368 466 3439 timus
494 3369 658 3468 impertiri
684 3369 882 3465 digneris.»

396 3479 541 3552 Probant
567 3480 764 3554 auctoritate
789 3479 999 3567 Tertulliani,
1020 3480 1078 3579 qui
1106 3479 1164 3552 ait:
1189 3507 1205 3548 u
1220 3504 1271 3550 ve·

323 3591 459 3690 ctigalia
484 3593 611 3690 gratias
641 3609 742 3689 agent
771 3591 967 3664 christianis
994 3617 1035 3664 ex
1061 3589 1128 3662 lide
1153 3589 1271 3689 depen-
