2640 4430
425 315 462 328 ..
485 285 524 346 69
546 315 584 328 ..

18 392 171 464 iustitiae
188 406 221 463 et
238 391 281 463 ab
299 415 401 464 onere
427 389 626 462 restituendi
645 390 704 488 qui
723 416 851 464 meroes
870 406 990 465 emunt

18 528 78 600 pro
107 501 235 600 quibus
263 500 373 574 soluta
399 501 493 573 haud
511 501 575 573 fuit
591 499 736 597 gabello,
758 529 846 600 quae
864 501 987 574 fuisset

19 639 57 684 ex
84 613 161 709 lege
188 612 363 699 solvenda,
384 637 451 684 non
470 611 581 683 solum
600 611 736 710 quando
754 611 839 685 haec
857 613 983 710 emptio

18 738 69 795 est
95 722 247 794 casualis
274 722 402 795 nullam
427 721 593 820 praebens
616 722 847 795 venditoribus
866 750 985 796 ansam

19 834 60 905 ad
90 833 299 906 fraudandas
326 833 490 932 gabelfaS,
511 860 612 932 quem
640 861 755 906 casum
777 834 878 906 valde
895 839 987 907 com-

18 950 168 1021 muniter
194 950 378 1022 admittunt
406 965 438 1020 et
466 949 594 1048 primae
621 951 808 1022 sententiae
834 951 981 1048 patroni,

21 1061 81 1131 sed
110 1057 245 1134 etiamsi
274 1063 357 1134 baec
383 1062 509 1160 emptio
537 1061 667 1158 absque
693 1060 762 1133 uffa
788 1057 988 1134 necessitate

21 1170 99 1257 fiat,
132 1187 165 1242 et
190 1171 297 1243 solum
325 1170 367 1242 ad
399 1171 539 1244 minoris
564 1169 765 1267 emendum,
796 1188 830 1244 et
854 1172 987 1244 etiamsi

21 1281 299 1380 frequentissime
325 1283 510 1378 contingat,
532 1284 600 1352 imo
626 1297 658 1353 et
675 1282 777 1353 fuerit
802 1283 984 1381 promissa,

21 1395 66 1466 ita
91 1410 131 1464 ut
155 1393 348 1466 venditores
376 1392 418 1464 ad
446 1392 654 1465 fraudandas
673 1392 824 1488 gabeffas
843 1393 988 1464 maxime

21 1506 220 1577 incitentur.
617 1557 625 1571 .
911 1529 913 1534 ·

99 1614 188 1699 Quia
213 1631 323 1684 tamen
347 1611 395 1683 ilfi
416 1613 473 1710 qui
493 1613 528 1683 in
547 1611 747 1684 fraudandis
766 1613 901 1685 tributis
922 1629 988 1686 toto

20 1729 162 1802 homine
188 1725 398 1811 incumbunt,
421 1725 599 1823 idque'ut¹
614 1725 858 1824 professionem
886 1753 988 1798 exer-

19 1859 100 1912 cent
120 1837 316 1938 plerumque
334 1838 480 1935 graviter
498 1851 637 1934 peccant
657 1852 791 1934 propter
813 1837 990 1908 innumera

23 1954 176 2051 pericula
201 1953 256 2024 oui
284 1979 321 2024 se
347 1963 519 2048 exponunt
553 1961 625 2017 tum
651 1949 785 2019 animae
814 1965 882 2018 tum
910 1974 990 2021 cor-

22 2067 132 2164 poris,
154 2082 187 2136 et
212 2065 425 2137 occasionem
458 2059 683 2132 resistentiam
712 2059 905 2157 opponendi
934 2086 992 2132 cu-

23 2174 183 2249 stodibus
208 2175 339 2247 viarum
367 2174 401 2244 in
429 2198 497 2272 qua
525 2186 725 2255 versantur;
752 2169 833 2241 hinc
856 2171 885 2242 si
913 2177 991 2268 quis

23 2289 71 2360 ita
105 2287 148 2358 ab
175 2285 299 2384 aliquo'
319 2273 428 2357 emere
459 2283 681 2381 promitteret,
712 2298 749 2352 ut
778 2281 842 2352 iste
867 2279 992 2353 dictam

22 2396 150 2496 agendi
174 2397 336 2469 rationem
365 2393 545 2466 fraudandi
573 2393 674 2464 iniret
698 2390 751 2462 rel
777 2392 811 2462 in
832 2390 891 2463 illa
909 2419 993 2490 per-

23 2512 164 2582 sisteret
188 2533 264 2579 cum
294 2506 396 2578 dictis
428 2501 758 2587 inconvenientibus,
787 2527 853 2574 non
879 2521 995 2601 posset

22 2647 103 2692 esse
130 2617 291 2689 immunis
314 2643 334 2688 a
360 2614 459 2716 eulpa
486 2631 620 2714 propter
645 2613 916 2710 cooperationem
945 2614 995 2685 al-

21 2736 134 2806 terius
161 2747 318 2831 peccato,
348 2730 439 2828 quod
467 2747 580 2802 tamen
611 2752 677 2798 non
710 2742 800 2797 esset
825 2726 994 2799 fraudatio

22 2845 160 2927 tributi,
182 2842 241 2916 sed
268 2843 311 2915 ad
337 2843 437 2914 aliam
465 2843 611 2940 speciem
639 2841 867 2913 reduceretur.

102 2954 167 3027 Sed
195 2954 277 3054 quid
305 2953 346 3026 de
371 2980 411 3026 eo
439 2954 499 3052 qui
527 2953 560 3025 vi
584 2968 617 3026 et
642 2953 745 3024 armis
773 2977 810 3024 se
836 2951 998 3024 eximeret
1111 2941 1116 2952 ¹

21 3098 42 3143 a
77 3067 243 3140 solvendo
278 3063 429 3137 tributo?
458 3065 565 3137 Istum
593 3089 732 3163 peceare
762 3080 877 3135 contra
907 3061 996 3134 obe-

23 3179 194 3253 dientiam
218 3176 350 3274 legibus
375 3176 523 3249 debitam
550 3177 686 3248 omnino
712 3191 840 3247 certum
868 3189 932 3261 est,
954 3174 999 3246 si·

24 3290 155 3363 militer
181 3289 319 3361 omnino
337 3303 463 3359 certum
483 3304 536 3359 est
550 3280 644 3384 ‘quod
662 3286 726 3358 iste
745 3300 863 3383 peccat
880 3301 998 3357 contra

23 3400 196 3474 iustitiam
237 3399 366 3471 ratione
399 3398 580 3471 violentiae
610 3413 726 3469 contra
756 3395 833 3468 illos
864 3395 995 3494 quibus

23 3513 132 3584 infert
154 3513 237 3596 vim,
271 3528 305 3582 et
330 3509 458 3608 quibus
485 3509 600 3582 omnia
625 3509 749 3580 damna
776 3529 999 3606 compensare

24 3624 216 3711 tenebitur,
239 3624 268 3696 si
294 3649 383 3722 quae
408 3623 458 3696 eis
484 3621 694 3696 obvenerunt
719 3645 760 3694 ex
777 3620 851 3692 eius
871 3616 1001 3690 violen-
