2640 4430
432 337 470 350 ..
490 303 532 364 55
552 336 593 350 ..

33 411 67 480 in
94 409 229 482 tributis
256 426 367 483 autem
393 435 461 484 non
488 427 539 482 est
565 409 627 495 sio,
649 434 726 482 nam
754 407 838 482 haec
864 408 991 484 deben-

37 537 86 592 tur
110 549 152 593 ex
177 522 251 618 lege
277 524 545 596 tantummodo(

109 637 166 708 Vis
200 663 277 710 oum
304 638 440 724 Lessio,
471 637 610 710 billuart
640 652 783 736 utraque
808 637 923 710 deberi
949 661 991 710 ex

36 747 234 821 contractu?
261 749 326 833 sit;
356 749 476 822 sedin
510 775 592 822 casu
626 747 828 820 decimarum
856 749 989 821 termini

35 876 225 932 contractus
253 881 345 934 sunt:
376 887 436 934 ros
463 861 750 934 admistrationem
779 859 990 957 spiritualem

38 969 130 1044 nobis
159 973 386 1070 praestabitis,
409 999 470 1044 nos
496 971 562 1044 tale
587 971 792 1071 stipendium
821 986 990 1043 sustenta-

36 1081 133 1154 tionis
161 1083 440 1181 respondebimus
474 1083 595 1168 vobis;
630 1098 788 1155 econtra
814 1081 849 1152 in
885 1079 991 1151 tribu·

38 1192 76 1262 tis
104 1194 237 1265 termini
264 1212 454 1267 contractus
477 1211 568 1267 sunt:
587 1220 647 1266 vos
666 1192 990 1265 administrationem

37 1304 203 1400 politicam
233 1306 330 1379 nobis
351 1305 578 1405 praestabitis
601 1321 633 1376 et
651 1330 712 1376 nos
734 1307 836 1398 (nota)
857 1301 990 1399 legibus

37 1416 153 1488 restris
170 1443 337 1515 paremus.
356 1419 397 1489 At
411 1417 596 1512 istaeleges
611 1415 808 1488 tributorum
822 1413 990 1513 quomodo

37 1527 210 1624 obligant?
226 1530 275 1600 En
296 1547 458 1628 punctum
477 1528 688 1628 quaestionis
707 1543 821 1600 contra
837 1525 925 1625 quod
942 1524 990 1597 nil

38 1638 185 1710 evincere
209 1639 354 1712 dicimus
381 1639 648 1712 adversariorum
669 1653 914 1733 argumentum.

106 1749 156 1820 Ad
185 1751 328 1848 primam
357 1751 644 1824 confirmationem
671 1748 905 1846 respondetur:
932 1748 991 1820 Di-

38 1859 177 1932 stributa
195 1862 229 1930 in
251 1861 406 1957 singulas
427 1861 631 1959 reipublicae
646 1877 757 1958 partes
771 1859 987 1954 obligatione,

40 1995 135 2064 quam
164 1971 266 2043 babet
297 1971 488 2069 respublica
515 1973 590 2068 ipsa
623 1996 702 2066 erga
732 1969 899 2068 publicam
932 1995 991 2067 po-

38 2094 197 2169 testatem,
219 2100 252 2154 et
279 2083 454 2178 assignata
472 2083 596 2180 cuique
618 2109 680 2154 sua
699 2083 861 2180 portione,
884 2097 916 2153 et
933 2081 993 2152 de·

40 2193 220 2266 terminatis
247 2194 348 2266 rebus
379 2221 427 2266 en¹
447 2194 572 2292 quibus
601 2193 761 2266 solvenda
788 2194 843 2277 sit,
866 2192 992 2288 singuli

40 2317 187 2376 tenentur
212 2331 291 2402 erga
322 2305 491 2403 publicam
521 2321 720 2405 potestatem
746 2305 863 2378 eadem
899 2303 992 2377 obli-

40 2415 179 2506 gatione,
203 2442 271 2514 qua
297 2415 471 2489 tenebatur
498 2417 642 2489 societas
669 2417 764 2514 ipsa:
787 2415 964 2512 Distinguo
981 2443 990 2486 :x

40 2523 65 2592 si
89 2524 148 2597 illa
173 2526 340 2622 generalis
368 2526 527 2623 obligatio
560 2527 594 2597 in
630 2527 782 2622 singulos
812 2526 993 2598 distributa

37 2649 67 2703 et
90 2636 214 2733 cuique
241 2637 413 2732 assignata
443 2637 489 2706 nil
518 2637 579 2708 luit
606 2636 792 2720 immutata,
813 2633 865 2705 vel
892 2634 927 2703 in
952 2659 992 2706 eo

40 2761 110 2816 actu
136 2773 205 2844 quo
235 2747 519 2834 distribuebatur,
549 2746 602 2818 vel
633 2761 749 2844 postea
778 2771 837 2842 per
861 2742 992 2841 aliquid

39 2856 122 2951 quod
155 2872 271 2953 posset
296 2856 388 2928 illam
419 2857 656 2953 obligationem
691 2855 884 2939 immutare3
913 2877 993 2925 con-

39 2965 128 3051 cedo,
150 2992 248 3040 secus
275 2993 372 3064 nego.
390 2969 431 3040 At
456 2967 514 3040 illa
541 2965 702 3062 obligatio
728 2964 840 3064 quoad
867 2962 993 3034 tributa

39 3073 227 3174 dequibus
253 3094 305 3150 est
330 3079 484 3177 quaestio
509 3103 587 3150 vere
613 3077 676 3148 suit
703 3076 889 3160 immutata,
915 3073 989 3161 vel,

41 3185 222 3258 secundum
240 3189 436 3273 Navarrum,
459 3187 539 3258 dum
559 3185 836 3272 distribuebatur,
853 3183 905 3260 vel
924 3183 994 3258 sal-

40 3311 100 3368 tem
118 3314 249 3398 postea,
272 3325 330 3397 per
345 3296 544 3394 legittimam
562 3296 854 3381 consuetudinem
875 3295 1002 3367 saltem,
1082 3349 1085 3356 ‚

40 3405 302 3482 adversariorum
330 3425 565 3506 argumentum
584 3433 651 3480 nou
673 3405 792 3506 probat
810 3406 899 3478 banc
917 3433 992 3477 mu-

41 3521 193 3595 tationem
216 3521 329 3621 quoad
348 3538 500 3595 naturam
521 3519 736 3616 obligationis
756 3546 823 3593 nou
842 3519 1008 3619 potuisse

41 3633 248 3717 intervenire
270 3657 350 3730 ergo
377 3647 440 3704 etc.
