2640 4430
731 337 768 350 ..
790 305 831 365 50
851 337 888 350 ..

334 412 546 486 suetudinem
576 407 699 483 habere
727 409 857 483 debitas
883 410 1095 483 conditiones·
1120 424 1157 481 ut
1186 412 1292 507 possit

306 549 316 558 ·
335 523 532 609 subsistere
560 549 653 619 ergo.

407 635 479 706 lloc
504 649 611 705 autam
640 649 873 729 argumentum
899 632 997 703 etiam
1024 631 1155 704 videtur
1182 632 1291 704 valere

334 745 378 816 ad
405 743 667 818 confirmandam
694 741 884 842 aliqualiter
909 742 1137 820 auctoritatem
1170 741 1291 814 multe

336 882 408 927 rum
428 854 670 950 theologorum,
693 855 749 953 qui
776 854 916 950 primam
935 853 1134 924 sententiam
1154 853 1288 950 sequuti

334 983 426 1051 sunt,
448 988 590 1064 quorum
617 964 731 1062 plures
758 966 786 1034 si
815 962 916 1034 hodie
942 962 1137 1047 scriberent,
1169 962 1290 1060 proba·

335 1077 447 1149 biliter
464 1077 497 1146 in
518 1092 666 1146 nostram
685 1072 905 1146 concederent
922 1073 1136 1156 sententiam,
1155 1093 1290 1172 propter

334 1185 610 1261 consuetudinem
631 1185 866 1269 introductam,
881 1210 968 1283 quae
986 1184 1035 1254 sio
1048 1182 1288 1279 obligationem

333 1297 419 1394 legis
447 1295 642 1368 tributorum
670 1299 704 1365 in
731 1294 936 1367 conscientia
959 1293 1148 1372 moderatur
1168 1311 1205 1364 ut
1225 1295 1286 1364 iam

333 1407 459 1504 obliget
483 1407 591 1479 solum
620 1422 716 1504 prout
741 1406 810 1478 vult
835 1405 983 1477 secunda
1008 1405 1188 1476 sententia.

407 1517 457 1589 Ad
483 1517 712 1588 auctoritatem
734 1515 930 1588 catechismi
951 1515 1135 1587 Tridentini
1154 1516 1288 1588 videtur

333 1627 443 1700 facilis
469 1627 667 1724 responsio,
696 1643 729 1698 et
754 1629 786 1697 ni
814 1653 917 1711 error,
948 1627 1073 1699 sufficit
1098 1642 1131 1699 et
1158 1643 1283 1699 textum

336 1737 475 1836 praelati
510 1735 707 1808 catechismi
742 1736 889 1822 reserre3
929 1738 975 1809 ait
1009 1737 1110 1833 igitur
1138 1743 1195 1832 (n.
1230 1740 1282 1807 ll).

333 1847 406 1921 loco
432 1848 519 1946 ciel:
543 1879 560 1915 n
581 1847 615 1917 in
642 1847 706 1920 hoc
731 1849 870 1920 crimine
898 1849 1088 1946 rapacitatis
1108 1848 1285 1920 includun-

334 1978 399 2046 tur,
421 1960 493 2059 qui,
515 1987 602 2058 quae
622 1959 792 2032 Ecclesiae
811 1959 1039 2044 Praesulibus,
1061 1977 1093 2031 et
1110 1961 1284 2057 Magistra·
1311 2009 1312 2038 2

332 2070 424 2142 tibus
443 2071 620 2157 debentur,
633 2070 823 2166 vectigalia,
845 2071 979 2156 tributa,
1003 2070 1165 2155 decimas,
1190 2090 1225 2143 et
1242 2099 1284 2144 re-

330 2181 427 2280 liqua
440 2180 543 2252 huius
557 2182 688 2276 generis
702 2208 767 2253 non
778 2180 1038 2270 dissoluunt,vel
1050 2181 1281 2266 intervertunt,
1310 2249 1311 2270 ,

277 2307 281 2317 '
332 2309 367 2363 et
384 2292 426 2362 ad
445 2317 482 2362 sc
500 2292 716 2362 transierunt.
731 2321 748 2358 »
1310 2281 1311 2369 l

331 2457 334 2464 .
406 2401 523 2472 Totum
551 2400 614 2473 hoc
639 2419 671 2472 et
696 2401 792 2475 docet
810 2403 959 2475 secunda
977 2404 1154 2488 sententia;
1177 2405 1282 2478 solum
1309 2445 1310 2476 i

333 2526 384 2580 est
410 2511 562 2608 quaestio
589 2529 625 2582 ut
648 2511 822 2585 videamus
857 2515 993 2611 quando
1020 2514 1143 2586 tributa
1174 2532 1207 2586 et
1231 2479 1310 2587 vel

331 2620 467 2717 ctigalia
492 2620 678 2695 debeantur
702 2640 735 2696 et
759 2623 916 2723 qualiter,
935 2626 978 2697 de
1005 2626 1068 2698 hac
1085 2627 1285 2724 quaestione

331 2731 379 2802 nil
406 2731 470 2804 loc.
491 2730 621 2804 obiecto
647 2733 749 2807 habet
774 2735 931 2808 laudatus
949 2736 1189 2823 catechismus,
1207 2763 1283 2833 ergo
1307 2831 1308 2834 Ἴ

330 2841 380 2913 nil
419 2857 536 2916 contra
570 2868 653 2929 nos;
690 2845 778 2918 sicut
811 2862 844 2918 et
877 2845 922 2916 nil
962 2846 1041 2920 lacit
1075 2873 1136 2945 pro
1178 2852 1283 2947 prima

331 2969 511 3024 sententia.
1306 3021 1307 3042 ,

403 3059 454 3133 Ad
480 3064 710 3138 auctoritatem
743 3065 822 3138 cleri
850 3067 1130 3166 Gallicaniffianno
1156 3074 1282 3156 troo,

325 3171 541 3270 prohibentis
568 3178 827 3275 propositionem
854 3205 942 3276 quae
965 3181 1066 3255 nobis
1089 3185 1281 3282 opponitur,

330 3283 480 3357 nonnulli
507 3286 754 3386 aliquantulum
781 3289 939 3364 malitiosi
965 3292 1133 3367 malitiose
1158 3295 1286 3396 aliqua·

328 3392 405 3466 liter
422 3397 637 3494 respondent,
650 3415 684 3472 et
699 3398 786 3472 inter
799 3403 882 3474 istos
896 3401 1002 3502 aliqui
1017 3403 1119 3477 etiam
1134 3408 1284 3480 animad-

322 3522 472 3594 uertunt,
494 3507 585 3605 quod
604 3508 738 3582 tandem
756 3513 942 3610 propositio
959 3540 1026 3588 non
1044 3533 1096 3590 est
1111 3518 1285 3617 prohibita

320 3614 394 3689 sub
411 3617 636 3694 anathemate.
658 3619 725 3694 Alii
746 3617 937 3701 auctoritati
963 3627 1285 3730 auctoritatem-op-
