2640 4430
299 409 489 485 vendentes
510 431 644 484 ¹merces
671 406 706 477 in
724 405 885 478 damnum
905 401 1195 502 privilegiatorum
1214 427 1266 474 ex·

301 536 432 598 cnsata
450 521 671 606 restitutione,
685 519 832 593 limitent
850 534 971 591 utnon
989 514 1150 615 procedat
1162 541 1265 614 quan-

302 637 347 711 do
372 636 431 736 qui
459 634 649 708 facultatem
669 632 870 730 privativam
890 627 1049 712 obtinuit,
1062 653 1149 725 opus
1167 627 1264 700 valde

300 748 384 822 utile
410 746 560 820 societati
587 745 762 844 perficiat,
791 760 824 818 et
859 739 1080 822 declaraverit
1116 765 1152 812 se
1177 740 1265 813 nolle

301 858 386 930 illud
413 855 563 954 aggredi,
585 855 652 926 uisi
680 855 776 928 solus
807 854 883 952 ipse
902 850 985 924 illud
1003 850 1182 938 exercendi
1203 853 1265 948 pri-

301 967 462 1064 vilegium
489 964 624 1052 babeat,
647 969 728 1064 quia
755 964 852 1036 aliter
877 987 979 1060 grave
996 962 1157 1034 damnum
1176 978 1266 1036 esset

179 1139 181 1150 .
302 1106 482 1180 passurus,
511 1104 579 1178 quo
606 1077 640 1148 iu
667 1103 749 1150 casn
774 1075 893 1148 volunt
917 1072 997 1146 oriri
1024 1071 1262 1168 obligationem

302 1188 500 1267 restituendi
528 1215 568 1260 ex
594 1189 789 1262 venditione
814 1187 848 1258 in
876 1185 1027 1258 fraudem
1055 1185 1257 1282 privativae,

302 1304 406 1404 idque
432 1317 580 1401 arguunt
605 1327 643 1374 ex
671 1299 818 1399 quodam
845 1311 1018 1371 contractu
1035 1294 1194 1394 explicito
1212 1296 1258 1368 vel

301 1414 467 1514 implicito
493 1415 580 1486 inter
606 1409 856 1510 privilegiatum
884 1424 916 1480 et
941 1432 1058 1480 omues
1084 1409 1260 1507 cives,qui

302 1552 322 1599 a
349 1525 485 1626 publica
512 1539 679 1622 potestate
714 1519 956 1619 repraesentati
991 1543 1027 1590 se
1055 1519 1102 1590 illi
1128 1520 1262 1592 vinculo

301 1638 451 1709 iustitiae
466 1633 732 1707 obstrinxerunt.
748 1632 822 1705 Vid.
834 1630 1075 1706 clar.Gastaldi
1092 1637 1140 1732 (p.
1161 1635 1256 1726 att.)
1305 1639 1306 1730 ξ

376 1745 440 1816 Sed
468 1743 553 1817 baec
579 1743 733 1817 limitatio
759 1769 826 1815 nou
845 1762 897 1818 cst
914 1745 1123 1819 admittenda
1141 1746 1262 1818 stando
1305 1753 1306 1818 l

302 1855 479 1957 principiis
505 1856 616 1928 dictae
636 1855 832 1940 sententiae,
855 1882 933 1926 nam
951 1872 1144 1929 contractus
1162 1883 1259 1956 quam

300 1968 357 2040 isti
387 1983 518 2066 ponunt
553 1967 641 2038 inter
666 1964 914 2064 privilegiatum
941 1983 974 2037 ct
999 1966 1134 2062 singula
1161 1968 1262 2040 socie-

302 2079 382 2152 tatis
409 2078 571 2164 mcmbra,
594 2094 645 2150 est
670 2077 776 2162 fictio,
799 2093 955 2174 quaeest
979 2093 1012 2149 et
1036 2092 1152 2150 contra
1176 2078 1262 2175 prin·

301 2195 392 2294 cipia
418 2220 506 2294 quae
529 2211 562 2266 et
587 2194 653 2292 ipsi
675 2207 876 2291 sequuntur;
894 2209 1084 2264 contractus
1103 2193 1259 2291 equidem

299 2307 444 2379 existere
469 2304 635 2378 dicendus
662 2305 697 2375 iu
723 2331 808 2378 casn
835 2306 920 2378 inter
956 2303 1204 2402 privilegiatum
1229 2322 1259 2377 et

300 2416 470 2516 publicam
491 2431 801 2514 potestatemquae
816 2414 958 2512 proinde
974 2441 1015 2487 ex
1033 2415 1163 2487 iustitia
1175 2442 1260 2489 com-

298 2526 460 2599 mutativa
486 2541 618 2597 tenetur
644 2551 704 2622 per
731 2525 823 2622 legas
850 2551 930 2598 suas
958 2525 1121 2622 integram
1149 2527 1258 2625 privi-

297 2638 421 2734 legiato
448 2662 545 2709 suam
572 2634 766 2708 facultatem
785 2653 817 2709 et
833 2663 967 2710 omnem
985 2641 1190 2736 promissam
1210 2665 1261 2710 ra·

298 2750 422 2822 tionem
442 2773 588 2833 servarc;
608 2747 668 2820 sed
687 2747 774 2820 inter
791 2749 1037 2848 privilegiatum
1056 2767 1089 2823 et
1106 2751 1258 2848 singulos
1304 2799 1305 2832 t

299 2863 395 2936 cives
416 2861 509 2934 nulla
535 2860 604 2934 alia
629 2861 806 2933 intercedit
832 2863 917 2935 ratio
944 2863 1009 2936 nisi
1036 2890 1138 2962 quam
1168 2863 1259 2963 ponit
1304 2849 1305 2898 ³

297 2974 375 3072 ipsa
401 2971 538 3071 publica
565 2981 714 3070 potestas
737 2999 899 3070 persnas
918 2974 1022 3071 leges3
1045 2976 1128 3048 istas
1148 2993 1257 3048 autem

297 3083 390 3180 leges
418 3109 483 3155 non
510 3082 653 3154 lundare
671 3080 911 3180 obligationem
939 3085 1088 3158 iustitiae
1115 3111 1263 3159 eommu-

297 3196 432 3281 tativac,
464 3194 525 3266 sed
551 3194 659 3268 solius
687 3197 838 3270 institiae
865 3196 983 3293 legalis
1010 3197 1147 3296 ipsimet
1171 3223 1258 3271 con-

296 3304 439 3378 tendunt
464 3305 663 3394 adversarii;
694 3332 785 3402 ergo.

369 3417 434 3488 Alii
465 3419 613 3506 tandem,
634 3435 671 3491 ut
696 3419 860 3505 diximus,
881 3418 999 3490 dicunt
1025 3436 1058 3493 et
1075 3419 1167 3516 leges
1186 3420 1260 3519 qui-

293 3527 360 3601 bus
387 3528 487 3600 alicui
508 3546 699 3601 reservatur
717 3529 861 3602 facultas
880 3528 1015 3627 aliquas
1034 3556 1163 3604 marces
1179 3555 1260 3602 veu-

291 3640 397 3712 dcndi
425 3640 459 3710 in
486 3639 714 3724 exclusionem
734 3640 878 3714 aliorum
896 3665 973 3714 esse
992 3667 1077 3738 pure
1097 3641 1258 3740 poenales
