2640 4430
450 334 487 346 ..
512 303 547 362 fl
570 333 607 346 ..
636 332 638 338 .

43 431 126 477 nem
153 405 345 491 utilitatem,
367 424 526 508 quaeest
552 411 642 480 iusta
667 433 773 480 causa
800 408 925 480 tributa
950 409 1017 479 im-

44 515 211 613 ponendi,
225 521 434 593 conservatio
448 521 594 606 viarum,
607 520 772 618 pontium,
784 521 1014 616 reparationes

42 630 184 703 urbium
203 649 236 704 et
251 632 530 706 decensillarum
551 649 781 729 augmentum,
802 632 1015 731 publicorum

43 742 282 815 aedificiorum
302 745 518 830 constructio,
539 743 719 842 expunctio
737 742 927 816 debitorum
954 771 1015 842 pro

45 854 219 926 communi
238 855 490 927 necessitateet
509 854 654 927 utilitate
680 871 927 927 contractorum
947 872 1010 927 etc.

123 964 300 1037 Trihutum
328 982 439 1037 autem
466 993 599 1065 semper
625 965 725 1039 debet
751 966 840 1061 exigi
868 991 1016 1063 propor-

48 1075 177 1149 tionate
203 1075 246 1147 ad
273 1102 411 1148 causam
445 1092 515 1148 tum
551 1076 664 1175 quoad
691 1078 915 1173 gravitatem,
945 1093 1015 1148 tum

47 1183 163 1281 quoad
194 1183 418 1270 durationem,
442 1186 488 1257 ita
511 1202 548 1257 ut
575 1186 620 1258 sit
649 1186 804 1284 iniquum
835 1185 1012 1270 tributum,
1119 1277 1122 1286 Ι

47 1296 77 1366 si
111 1295 266 1392 exigatur
296 1297 330 1366 in
355 1297 476 1369 maiori
499 1297 688 1395 quantitate
713 1322 752 1369 ac
771 1322 876 1369 causa
899 1314 1017 1394 postu-

47 1409 114 1492 let,
147 1425 208 1480 aut
231 1409 320 1481 ultra
345 1427 491 1507 tempus,
516 1436 584 1508 quo
610 1435 713 1481 causa
735 1408 847 1481 durat.
878 1409 1016 1480 Videtur

50 1521 154 1592 etiam
180 1546 354 1618 nunquam
378 1519 478 1591 licere
497 1521 562 1592 tale
589 1519 751 1593 tributum
771 1521 905 1616 exigere
923 1519 1016 1618 quod

48 1631 84 1700 in
114 1630 226 1702 maius
253 1631 369 1729 populi
399 1615 785 1716 incommodum'verrit,
820 1617 930 1711 ac'sit
965 1631 1018 1701 in-

47 1739 263 1812 commodum
302 1742 357 1812 cui
396 1767 455 1838 per
487 1741 600 1839 ipsum
633 1741 713 1813 velit
749 1742 892 1814 occurri.
930 1741 1016 1813 Hinc

46 1853 145 1923 docet
171 1852 282 1946 Lugo,
316 1852 600 1950 quem-sequitur
632 1853 666 1921 S.
700 1850 918 1951 AlphonsuS,
949 1878 1016 1924 non

48 1986 151 2060 posse
178 1961 377 2060 principem,
398 1978 435 2033 ut
461 1988 601 2057 regnum
629 1961 695 2032 sibi
722 1980 909 2044 conservet,
940 1989 1017 2063 pro-

46 2089 125 2171 pter
151 2097 318 2170 expensas
348 2071 425 2143 belli
453 2086 521 2143 tam
548 2071 703 2144 subditos
731 2098 882 2168 gravare,
906 2091 941 2144 ut
958 2099 1016 2146 eos

47 2182 83 2254 in
112 2201 268 2278 magnam
297 2198 532 2281 paupertatem
559 2183 733 2273 conficiat,
754 2209 821 2262 non
848 2183 937 2254 enim
970 2209 1018 2256 re-

47 2319 154 2392 gnum
182 2308 233 2364 est
252 2309 389 2391 propter
408 2319 532 2388 regem,
547 2293 607 2364 sed
628 2320 684 2364 rex
703 2308 840 2391 propter
859 2318 1012 2388 regnum3

47 2405 131 2490 nisi,
153 2419 190 2474 ut
214 2402 302 2474 bene
330 2403 465 2502 excipit,
488 2402 572 2474 alter
603 2405 773 2502 princepS,
796 2404 853 2502 qui
877 2429 1016 2499 regnum

46 2514 193 2600 invadit,
212 2513 257 2585 sit
278 2512 425 2585 infidelis
447 2514 498 2586 vel
515 2514 719 2599 haereticus,
749 2514 795 2584 ita
811 2529 847 2584 ut
861 2512 926 2584 suh
942 2513 1017 2585 eius

47 2613 424 2721 regiminegravissima
437 2625 543 2696 timeri
560 2624 691 2723 possint
704 2623 876 2720 religionis
891 2622 1017 2694 damna

45 2735 198 2810 subditis
217 2735 408 2808 imminere.
427 2734 509 2806 Vide
526 2736 560 2804 S.
578 2734 681 2832 Alph.
703 2733 776 2829 (lib.
795 2737 829 2804 3.
843 2761 877 2803 n.
894 2735 1010 2826 tlt).

125 2845 238 2916 Altera
257 2845 345 2916 iusta
371 2871 475 2916 causa
499 2844 622 2917 tributa
642 2843 838 2943 imponendi
857 2860 910 2914 est
927 2843 1017 2946 iusta

44 2957 283 3056 compensatio
305 2956 355 3028 vel
384 2957 527 3053 punitio.
551 2959 663 3028 Potest
680 2957 772 3028 enim
791 2955 949 3053 princeps
968 2953 1018 3023 in-

47 3065 282 3164 dependenter
300 3092 320 3136 a
338 3064 477 3163 publica
491 3065 641 3137 utilitate
662 3064 823 3136 tributum
842 3063 1015 3161 imponere

47 3176 211 3260 subditis,
225 3175 283 3274 qui
303 3175 431 3249 iniuste
450 3173 699 3260 rebellaverint,
713 3173 768 3247 vel
787 3174 933 3270 graviter
950 3172 1018 3245 alio

47 3287 151 3361 modo
178 3301 292 3358 contra
320 3285 411 3382 leges
438 3284 644 3382 deliquerint
670 3285 742 3356 sire
768 3285 811 3355 ad
839 3283 1018 3356 sarcienda

49 3398 188 3483 damna,
208 3423 298 3495 quae
324 3421 449 3494 passus
476 3395 520 3466 sit
545 3395 640 3494 ipse,
670 3412 703 3467 et
726 3394 873 3493 populus
905 3393 1016 3466 fidelis

47 3535 157 3581 causa
172 3506 380 3592 rebellionis
395 3506 466 3579 sive
484 3506 528 3577 ad
549 3507 673 3578 iustam
693 3505 905 3605 punitionem
925 3507 1018 3576 iuxta

50 3618 166 3692 delicti
193 3618 392 3715 gravitatem
417 3617 694 3690 mensurandam.
