2640 4430
724 317 762 332 ..
784 285 824 346 86
845 318 882 332 -

324 388 474 485 legitime
506 388 665 462 fecissent
689 389 719 462 si
746 389 837 463 lraus
863 390 940 464 talis
966 390 1145 464 vendentis
1173 390 1290 462 locum

326 524 394 574 uon
413 498 601 585 habuisset,
623 501 676 574 ius
695 501 787 574 enim
805 502 958 576 strictum
977 501 1062 576 tales
1079 501 1289 602 privilegiati

327 610 372 688 cd
398 609 528 686 lucrum
555 609 639 683 illud
665 612 791 686 hahent
814 629 930 713 utpote
956 613 1053 687 titulo
1071 638 1220 686 oneroso
1237 639 1290 685 ac·

329 722 493 822 quisitum
511 752 532 809 ;.
549 738 582 796 et
607 722 788 824 aliquoties
813 742 946 799 tenetur
970 725 1014 797 ad
1041 724 1289 798 restitutionem

328 846 362 908 et
386 859 465 930 erga
492 834 692 934 prinoipem,
724 853 760 909 ut
785 863 891 936 quum
918 862 979 936 pro
1003 835 1167 935 qualitate
1203 861 1306 936 mer-¹

329 944 434 1032 cium,
446 972 532 1044 quas
549 948 701 1021 vendunt
728 949 942 1050 privilegiati,
960 949 1122 1023 tributum
1140 949 1289 1049 principi

328 1072 420 1132 esset
452 1055 673 1145 solvendum;
710 1085 786 1131 nam
819 1087 896 1132 oum
929 1059 1008 1132 inde
1043 1085 1103 1158 per
1135 1059 1289 1132 fraudem

330 1168 504 1244 minuatur
536 1156 685 1244 venditio
721 1171 1028 1270 privilegiatorum,
1062 1170 1231 1242 minuitur
1262 1187 1290 1243 et

331 1277 461 1350 luorum
490 1278 654 1378 principis
681 1282 861 1380 quoderat
880 1299 1113 1382 percepturus,
1129 1273 1307 1380 quodquel

332 1393 474 1491 proinde
492 1393 737 1467 refundendum
757 1396 799 1468 ab
817 1421 856 1468 eo
873 1396 933 1493 qui
951 1414 1002 1469 est
1019 1421 1124 1468 causa
1142 1395 1285 1466 fraudis.

336 1571 339 1578 ,
406 1506 494 1578 Bene
520 1522 630 1579 tamen
657 1507 835 1580 advertunt
853 1509 957 1581 huius
975 1509 1162 1581 sententiae
1182 1524 1290 1606 patro-

333 1617 368 1688 ni
396 1618 485 1716 quod
507 1617 590 1689 illud
618 1620 708 1718 quod
736 1621 920 1721 aliquando
935 1635 1026 1694 esset
1045 1620 1289 1694 restituendum

332 1731 493 1832 principi,
515 1749 631 1828 posset
654 1732 786 1805 detrahi
814 1759 834 1804 a
860 1747 964 1830 quota
989 1757 1092 1831 quam
1120 1731 1187 1804 ista
1215 1756 1289 1802 soc-

333 1843 437 1916 tentia
462 1842 546 1915 dicit
572 1844 809 1917 restituendam
837 1843 1073 1942 privilegiatis3
1105 1868 1172 1915 non
1201 1842 1290 1914 enim

332 1970 426 2028 essct
437 1953 680 2027 restituendum
696 1953 917 2054 privilegiatis
930 1969 1036 2026 totum
1051 1951 1183 2024 luorum
1202 1952 1291 2050 quod
1308 1999 1309 2044 t

333 2069 598 2168 acquisivissent
622 2068 759 2167 dempta
785 2067 915 2153 fraude,
937 2084 971 2139 et
987 2065 1127 2140 ulterius
1148 2066 1291 2166 principi

334 2180 426 2279 quod
453 2179 563 2277 ipsius
591 2179 747 2266 interest,
778 2179 837 2252 sed
866 2179 953 2251 lacta
980 2178 1123 2277 principi
1160 2179 1293 2250 restitu-

335 2292 438 2375 tione,
475 2288 694 2388 privilegiatis
721 2305 827 2364 totum
854 2288 1098 2362 restituendum
1125 2288 1219 2388 quod
1245 2288 1293 2359 lu·

336 2426 429 2473 orum
462 2399 664 2472 habuissent
694 2401 845 2474 detracta
872 2416 978 2500 parte,
1009 2425 1112 2498 quam
1147 2399 1292 2498 principi

336 2509 467 2584 solvere
492 2509 702 2595 debuissent,
725 2537 896 2610 quamque
922 2513 989 2583 iam
1008 2510 1198 2584 restitutam
1217 2537 1294 2607 sup

336 2623 497 2721 ponimus
522 2621 574 2696 vel
594 2623 851 2708 restituendam.

413 2731 625 2805 Probabilius
653 2749 764 2806 tamen
784 2733 897 2833 plures
915 2731 1014 2804 aliter
1031 2730 1195 2816 sentiunt,
1213 2753 1295 2827 quo·

251 2851 256 2861 “
339 2870 413 2916 rum
431 2843 487 2924 alii
506 2843 624 2916 dicunt
641 2843 734 2915 illum
753 2845 811 2943 qui
831 2842 1060 2916 fraudulenter
1075 2841 1195 2916 vendit
1212 2866 1296 2914 mer-

338 2981 396 3028 ces
422 2981 508 3054 quas
535 2953 660 3054 aliquis
679 2969 808 3026 tantum
825 2953 993 3026 vendendi
1014 2953 1068 3026 ius
1086 2952 1203 3038 habet,
1224 2977 1296 3050 poc-

338 3092 417 3138 care
442 3066 578 3164 quidem
606 3064 666 3138 sed
693 3065 734 3137 ad
762 3063 890 3136 nullam
918 3064 1164 3137 restitutionem
1191 3064 1295 3137 teneri

339 3196 417 3254 ante
448 3180 571 3253 iudicis
605 3182 818 3254 sententiam:
840 3179 897 3252 alii
924 3205 1005 3253 vero
1032 3195 1101 3251 tum
1129 3205 1150 3250 a
1182 3178 1293 3276 culpa,

339 3307 410 3364 tum
433 3319 452 3364 a
479 3291 688 3365 restitutione
715 3289 840 3390 pariter
856 3304 933 3360 ante
951 3286 1075 3360 iudicis
1093 3289 1294 3361 sententiam

340 3399 532 3476 absolvunt.

414 3512 479 3584 Alii
500 3512 602 3608 igitur
614 3513 732 3585 dicunt
748 3508 929 3604 vendentes
949 3532 1076 3580 merces
1091 3509 1125 3578 in
1138 3507 1297 3580 damnum

340 3624 485 3698 alicuius
512 3623 713 3722 privilegiati
741 3645 894 3721 peccaro,
916 3618 997 3718 quia
1022 3617 1114 3716 leges
1132 3646 1223 3721 quae
1240 3620 1299 3694 ali-
