2640 4430
413 333 451 344 -
474 301 514 370 53
534 333 571 346 ..

16 428 116 478 causa
138 403 171 474 id
198 404 304 484 lieret.
327 407 397 487 luno
422 424 455 477 at
481 407 606 490 nostris
633 407 840 506 temporibus
866 408 973 507 plurr-

17 515 57 584 rni
84 531 166 586 sunt
191 516 251 613 qui
279 517 432 611 ingentes
458 517 595 593 divitias
621 534 654 602 et
679 517 877 602 immodicos
896 521 972 594 red-

17 625 104 698 ditus
132 628 322 726 percipiunt
347 655 387 700 ex
414 629 587 712 schedulis
615 629 740 728 publici
768 631 910 717 aerarii,
938 647 975 712 et

16 736 189 812 schedulis
216 738 423 836 quibusdam
449 739 741 815 commercialibus
766 767 869 838 super
884 767 971 840 ques

16 846 132 919 saltem
160 847 314 946 pluribus
341 850 374 920 in
402 850 487 932 lacis
513 850 641 922 nullum
670 850 828 929 tributum
858 853 973 949 pendi-

17 975 86 1044 tur,
117 977 178 1034 aut
203 987 265 1059 pro
290 961 414 1060 quibus
442 963 560 1041 saltem
586 962 691 1036 multo
718 981 865 1061 tempore
895 964 975 1040 uul-

16 1071 80 1142 lum
107 1072 172 1146 fuit
198 1073 359 1146 tributum
391 1074 568 1156 indictum.
585 1075 627 1149 At
646 1073 759 1150 nullus
779 1074 968 1176 theologusq

16 1200 49 1254 ut
74 1183 240 1271 arbitror,
273 1183 420 1283 aliquem
447 1212 487 1257 ex
514 1187 588 1265 istis
615 1186 750 1282 adegit,
781 1203 838 1258 aut
872 1186 973 1268 uellet

16 1293 164 1390 obligare
188 1296 231 1368 ad
258 1294 387 1394 aliquid
421 1296 618 1378 solvendum
655 1324 712 1396 pro
740 1297 885 1395 publicis
913 1325 971 1376 ne-

16 1406 229 1478 cessitatibus
265 1409 326 1480 etsi
363 1407 456 1486 nulla
491 1408 563 1504 lege
595 1409 636 1479 ad
666 1409 698 1480 id
726 1408 973 1506 compellantur·

17 1535 149 1617 propter
176 1518 350 1606 rationem,
372 1521 452 1618 quia
478 1521 534 1605 isti
554 1521 678 1594 debent
695 1521 808 1593 debito
833 1538 973 1598 naturae

16 1629 55 1698 ad
86 1627 223 1725 publica
254 1631 449 1726 gravamina
482 1657 692 1706 concurrere.
727 1633 972 1730 Unusquisque

15 1741 101 1811 enim
129 1741 171 1812 ad
200 1740 369 1838 publicam
397 1743 628 1817 necessitatem
656 1743 755 1816 debet
773 1769 972 1822 concurrere

16 1867 176 1948 quantum
204 1877 264 1948 per
290 1852 443 1948 publicas
479 1852 568 1948 leges
600 1855 777 1939 statuitur,
808 1871 839 1930 et
868 1855 968 1930 etiem

15 1987 53 2034 ec
81 1963 180 2034 modo
206 1988 273 2060 quo
307 1989 366 2060 per
400 1963 536 2036 easdem
572 1963 661 2060 leges
697 1964 907 2048 decernitur,
938 1981 970 2038 et

14 2072 107 2144 idem
139 2072 189 2147 ius
221 2089 360 2144 naturae
393 2074 482 2171 quod
514 2073 607 2146 iubet
638 2074 780 2148 conserui
816 2074 971 2154 subsidia

14 2185 204 2261 necessaria
237 2187 281 2258 ad
315 2187 507 2258 societatem
543 2185 797 2271 sustinendam,
828 2186 969 2284 eiusque

14 2295 137 2368 honum
166 2297 442 2396 promovendum,
472 2297 572 2375 simul
600 2296 693 2370 iubet
720 2313 755 2367 ut
780 2297 971 2378 conseratur
1020 2325 1023 2331 “

15 2408 199 2481 secundum
226 2408 317 2505 leges
343 2408 495 2488 eiusdem
523 2409 707 2491 societatis,
742 2409 851 2507 posito
878 2410 970 2507 quud

14 2518 150 2590 aliunde
176 2519 240 2592 bae
267 2519 357 2615 leges
384 2520 492 2592 iustae
519 2519 597 2605 sint,
619 2535 651 2592 et
677 2519 740 2590 boc
768 2543 901 2611 negare,
920 2518 970 2588 vi-

13 2629 110 2702 detur
134 2632 326 2708 societatem
354 2633 462 2731 ipsam
489 2630 673 2705 destrucre.

85 2742 232 2822 Primum
251 2767 330 2838 ergo
348 2740 615 2818 adversariorum
636 2754 869 2834 argumentum
884 2737 969 2816 nibil

13 2852 130 2948 probat
148 2869 263 2925 contra
280 2852 462 2926 secundam
481 2849 695 2935 sententiam,
709 2850 790 2947 quia
807 2873 970 2924 concesse

12 2961 102 3059 quod
121 2961 168 3032 ibi
188 2961 373 3034 adversarii
393 2961 458 3033 sibi
477 2960 606 3045 volunt,
624 2959 735 3032 adbuc
755 2974 862 3058 potest
880 2973 970 3030 stare

11 3073 160 3146 secunda
179 3075 357 3146 sententia.

80 3183 296 3283 Comparatio
321 3210 401 3257 vero
428 3185 513 3255 inter
543 3182 779 3278 obligationem
815 3179 968 3259 solvendi

11 3295 160 3370 decimas
187 3313 220 3368 et
252 3295 404 3368 solvendi
438 3295 559 3368 tributa
595 3293 680 3364 nihil
715 3293 847 3364 evincit.
879 3293 968 3365 Nan

10 3407 226 3478 concedimus
262 3422 293 3478 et
325 3405 560 3478 contendimus
595 3404 743 3478 decimas
774 3430 841 3501 qua
878 3420 971 3500 parte

11 3519 226 3592 necessariae
252 3535 333 3590 sunt
367 3518 408 3590 ad
439 3543 620 3614 congruam
654 3516 880 3588 ministrorum
913 3539 968 3584 su-

11 3630 247 3702 stentationem
264 3644 309 3702 'et
334 3627 492 3700 dicuntur
517 3628 667 3703 decimae
693 3623 969 3708 sustentationis,-
