2640 4430
457 319 495 332 -
516 288 555 348 91
577 319 615 332 -

45 393 164 466 oritur
189 391 375 478 entrance,
394 391 476 464 etsi
498 391 624 490 patitur
645 393 860 482 iniustitiam,
880 381 1029 496 utrsup?

46 503 207 602 ponitur,
221 529 269 576 ex
293 530 360 576 uon
374 502 556 576 solutione
576 503 706 590 tributi,
727 505 781 578 ids
803 507 1018 606 acquirittad

47 615 205 688 debitam
223 615 316 688 illius
342 618 597 716 reparationem.
620 617 1019 720 Confirmaturzſsp‘rcpter

47 731 208 818 fraudes,
225 735 548 831 quaenommuntter
561 735 1018 812 committunturinsolutio-

50 869 100 914 ne
129 842 330 916 tributorum
352 845 452 918 ctiam
476 847 643 944 integrum
669 845 723 917 ius
747 845 792 917 ad
820 845 879 918 illa
895 847 1018 922 ‘minus

50 955 363 1042 valet-conductor
380 973 460 1032 vero
478 985 540 1056 pre
553 958 676 1031 minori
700 957 758 1031 illo
776 959 884 1056 pretio
902 963 1019 1059 acqui-

52 1071 102 1143 rit
133 1096 201 1143 uon
227 1070 337 1144 selum
364 1072 418 1144 ius
449 1071 491 1145 ad
518 1071 669 1170 gabellas
699 1095 788 1169 quae
817 1070 1014 1158 solvuntur,

52 1181 120 1254 sed
145 1181 190 1254 ad
216 1181 367 1278 gaballas
395 1209 483 1282 quae
504 1182 593 1256 ⁴solvi
611 1182 782 1268 deberent3
805 1181 1020 1282 idquepatet

52 1318 99 1364 ax
130 1317 170 1365 eo
196 1291 288 1390 quod
310 1293 395 1364 etin
422 1293 535 1392 ipsum
562 1293 783 1366 transferetur
808 1293 863 1364 ius
887 1291 931 1364 ad
954 1293 1020 1364 exi·

51 1401 188 1498 gendos
216 1401 356 1476 mulctas
381 1429 470 1502 quae
487 1403 580 1476 iuxta
600 1403 687 1500 legis
706 1402 1018 1476 determinationem

53 1513 170 1609 infligi
195 1529 361 1611 poteruut3
385 1531 420 1587 at
449 1516 479 1587 si
508 1516 693 1588 conductor
718 1513 771 1587 vel
798 1530 929 1613 emptor
954 1539 1019 1586 ac·

54 1623 165 1722 quirit
189 1623 243 1695 ius
269 1623 312 1696 ad
331 1651 448 1699 omnes
464 1625 617 1723 gabelles
636 1652 724 1725 quae
749 1625 932 1699 solvendae
951 1626 1021 1718 sint
1072 1659 1073 1662 ¹

54 1759 99 1805 ex
125 1731 211 1828 lego,
233 1735 300 1806 iam
327 1753 457 1809 constat
486 1738 521 1807 in
548 1737 661 1836 ipsum
681 1736 871 1809 redundare
889 1735 1019 1808 fraudis

55 1847 221 1920 iniuriam
238 1865 271 1921 et
288 1848 447 1923 damnum
463 1851 554 1950 quod
571 1852 649 1924 inde
665 1843 1020 1949 consequiturfquod-

55 1985 126 2058 qne
152 1959 219 2057 ipsi
251 1962 393 2057 proinde
422 1961 724 2060 compensandum.

136 2069 279 2169 Insuper
305 2071 339 2142 in
367 2097 452 2145 casu
479 2071 724 2144 restitutionem
758 2095 826 2143 non
857 2095 934 2144 osse
962 2071 1020 2142 l-

57 2178 217 2252 ciendam
254 2181 399 2280 principi
435 2199 534 2281 prout
562 2181 682 2254 statuit
710 2180 822 2279 prima
855 2182 1021 2254 sententia

57 2288 122 2362 sed
149 2289 364 2379 conductori,
395 2291 533 2366 ridetur
561 2296 608 2364 et'
625 2289 757 2388 probari
787 2316 888 2389 posse
915 2319 955 2364 ex
981 2318 1021 2365 eo

56 2406 152 2504 quod
178 2405 230 2480 vel
259 2426 358 2506 prout
383 2409 466 2482 dicit
495 2409 644 2482 secunda
662 2408 841 2492 sententia,
864 2408 1022 2509 princeps

59 2516 195 2588 nullum
234 2518 359 2616 patitur
392 2520 574 2606 damnum,
599 2517 654 2592 vel
679 2544 720 2612 err
747 2544 786 2590 eo
817 2517 908 2616 quod
941 2519 1022 2592 dato

57 2627 249 2729 principem
265 2631 425 2704 damnum
444 2632 571 2717 subire,
584 2629 669 2702 illud
687 2646 765 2702 tunc
780 2629 872 2702 subit
885 2630 1022 2728 quando

58 2740 212 2817 noudum
239 2759 291 2816 est
316 2758 488 2816 contracta
514 2741 673 2838 obligatio
704 2739 788 2812 illud
815 2740 1020 2839 reparandi:

58 2881 140 2928 nem
169 2872 269 2953 prout
294 2858 519 2956 supponimus
550 2857 586 2927 in
606 2880 696 2928 casu
723 2853 807 2926 illud
831 2852 924 2926 subit
940 2853 1022 2928 dum

58 2966 152 3040 locat
175 2965 339 3062 gabellum,
359 2983 393 3038 et
421 2965 572 3040 nondum
597 2964 754 3038 fraudata
786 2981 1024 3064 supponuntur

59 3079 202 3166 tributa;
222 3106 310 3178 quae
341 3096 452 3153 autem
477 3079 603 3152 tributa
619 3080 700 3151 dum
719 3096 837 3179 postea
854 3078 1024 3152 fraudan-

59 3212 129 3280 tur,
140 3208 173 3265 et
187 3193 237 3266 sic
250 3193 459 3266 contrahitur
475 3192 636 3291 obligatio
651 3193 830 3292 reparandi
845 3192 1020 3279 damnum,

61 3309 223 3408 princeps
250 3309 318 3382 iam
344 3335 411 3382 non
439 3309 557 3382 retinet
582 3309 636 3380 ios
662 3309 705 3380 ad
725 3309 815 3382 banc
838 3310 1025 3408 reparatio-

62 3449 140 3496 nem
159 3422 356 3519 exigendam
383 3423 465 3521 quia
482 3449 581 3496 omne
599 3423 653 3494 ius
671 3448 771 3495 suum
800 3423 971 3496 transtulit
988 3423 1025 3493 in

63 3536 302 3610 conductorem
319 3565 327 3622 ;
350 3535 428 3608 buic
439 3559 525 3632 ergo
542 3533 697 3608 facienda
715 3535 894 3608 restitutio.
916 3533 1024 3607 Istum

62 3663 175 3721 autem
190 3647 428 3722 conductorem
440 3671 519 3721 rere
534 3644 694 3720 damnum
708 3643 1025 3745 sentireprobatum
1068 3736 1071 3740 ⁸
