2640 4430
702 383 739 396 -
762 351 802 411 33
823 347 868 397 -t

302 459 406 531 etiam
423 456 539 543 velint,
560 454 745 554 quodcum
765 404 927 527 Mazzbtta
945 458 1054 550 (tract.
1067 458 1101 525 1.
1119 455 1211 554 disp.
1226 459 1254 528 1.

304 597 340 670 q.
362 572 396 640 2.
423 595 454 641 n.
475 571 526 662 1.)
555 581 667 640 tenent
693 566 806 663 plures
839 591 924 665 quos
954 566 1081 664 passim
1114 566 1257 639 invenies

306 680 397 780 'apud
411 681 478 752 tn.
500 697 532 753 et
549 679 731 778 praecipue
748 679 839 777 apud
859 679 967 750 Diana
988 677 1121 772 (Goord.
1136 694 1215 751 tom.
1227 683 1252 750 6.

306 807 403 865 tract.
419 794 454 864 1.
472 793 570 884 11),
600 816 742 888 quornm
771 789 829 859 alii
860 788 949 860 hane
971 788 1173 861 sententiam
1200 789 1256 861 sal-

306 919 372 976 tem
393 901 564 1000 cumipse
585 889 694 974 'Diana
719 898 926 998 probabilem
949 916 982 972 et
1009 913 1114 971 tutam
1133 898 1254 972 dieunt.

381 1012 531 1084 Eandem
558 1017 755 1084 sententiam
776 1011 885 1109 quoad
906 1010 1105 1083 tributorum
1127 1011 1255 1085 solutio-

308 1150 383 1196 nem
402 1123 476 1194 iuse
493 1123 644 1195 defendit
663 1137 694 1195 et
711 1123 823 1194 firmat
840 1122 998 1194 Duardus
1017 1122 1051 1192 in
1068 1122 1166 1195 Bulla
1184 1124 1256 1196 Coe-

308 1261 384 1321 naa,
411 1239 498 1328 (ean.
517 1237 575 1307 16.
592 1251 724 1334 quaest.
743 1236 819 1327 ts.)
841 1250 873 1304 et
899 1233 1013 1332 plures
1031 1232 1095 1305 alii
1108 1236 1168 1332 qui
1189 1261 1258 1334 pas·

308 1344 372 1417 sim
398 1344 555 1429 nitantur,
577 1361 614 1416 ut
635 1345 801 1416 Henricus
821 1343 943 1429 (land,
964 1343 1126 1429 Tabiana,
1145 1344 1253 1441 Angel.

307 1479 412 1554 penas
439 1455 588 1527 Sanebez
616 1454 902 1552 1116161),
924 1470 956 1525 et
984 1453 1076 1525 illam
1104 1481 1145 1525 er
1176 1471 1256 1552 parte

308 1564 488 1637 admittunt
513 1565 570 1636 alii
597 1591 672 1637 num
700 1566 755 1637 Sa.
776 1565 813 1634 V.
837 1564 974 1637 Gabella
1001 1565 1047 1661 (n.
1076 1569 1142 1658 t.),
1174 1582 1205 1636 et
1229 1582 1257 1636 ut

309 1674 517 1774 probabilem
532 1677 689 1748 videntur
702 1677 826 1750 babere
840 1678 954 1775 plures
972 1677 1044 1751 Db.
1065 1703 1141 1750 cum
1157 1679 1256 1750 Diana

312 1784 446 1881 (Coord.
472 1789 604 1858 temti.
628 1803 759 1860 tractat.
777 1791 811 1858 1.
838 1787 976 1861 resolut.
1002 1790 1103 1883 16),
1133 1804 1167 1859 et
1191 1813 1255 1860 eun

308 1895 385 1995 ipso
404 1897 519 1968 Lessio
540 1896 612 1992 (lib.
632 1899 665 1968 2.
683 1924 711 1970 c.
732 1901 790 1969 33.
809 1901 881 1986 56„
902 1914 935 1970 et
961 1899 1145 1997 praecipue
1172 1901 1253 1991 66),

309 2008 463 2108 quamvis
491 2007 547 2079 bie
571 2026 686 2082 auctor
715 2036 794 2108 prae
823 2010 943 2082 ceteris
970 2009 1097 2107 primae
1124 2027 1256 2082 senten-

308 2119 375 2192 tiae
403 2119 601 2206 iautaribuS,
633 2138 795 2220 quantum
823 2121 933 2207 video,
964 2120 1189 2194 validioribus
1215 2149 1280 2230 ar-1

308 2233 475 2328 gementis
500 2231 625 2303 dietam
653 2234 796 2331 primam
823 2233 1021 2304 sententiam
1051 2232 1196 2332 probare
1212 2260 1259 2306 cn

304 2358 418 2428 netur;
447 2359 480 2414 et
507 2345 539 2412 S.
561 2342 661 2442 Alph.
687 2344 759 2439 (lib.
778 2347 811 2416 3.
832 2347 930 2440 tlt.)
952 2344 1033 2416 dicit
1060 2344 1165 2417 buius
1192 2373 1259 2418 sen·

307 2452 431 2525 tentiae
457 2454 604 2526 rationes
623 2480 688 2526 non
706 2456 811 2528 rideri
831 2455 1107 2542 contemnendas,
1130 2474 1164 2528 et
1186 2459 1260 2554 Spe

306 2589 374 2635 rer.
405 2567 521 2658 (tract.
541 2569 574 2634 5.
596 2566 711 2638 Denal.
730 2571 763 2637 6.
782 2569 816 2638 b.
835 2569 950 2666 1111),
981 2567 1071 2638 illam
1099 2567 1185 2640 dicit
1212 2594 1261 2667 per

305 2675 467 2747 accidens
492 2690 526 2747 et
553 2676 751 2777 plerumque
774 2705 899 2751 veram.
1008 2691 1010 2696 '
1100 2693 1103 2700 ’

383 2784 543 2857 Similiter
567 2787 691 2860 dietam
718 2790 900 2864 secundam
927 2792 1127 2861 sententiam
1156 2788 1261 2890 quoad

311 2894 511 2968 solutionem
538 2897 737 2971 tributorum
765 2918 855 2973 tanet
879 2927 919 2971 ex
945 2915 1041 2998 parte
1065 2901 1259 2985 Roussel0t‚

309 3006 345 3076 in
371 3007 467 3080 notis·
485 3008 528 3080 ad
555 3007 657 3082 tbeol.
687 3012 804 3084 moral.
843 3011 941 3083 Sttler
970 3015 1062 3110 (pag.
1089 3015 1209 3107 1611),
1236 3027 1264 3083 et

310 3117 423 3216 quoad
450 3117 574 3191 tributa
598 3121 761 3194 indirecta
780 3123 911 3196 scavini
935 3127 1028 3218 (tom.
1048 3124 1082 3194 2.
1097 3125 1202 3220 618.)
1223 3123 1281 3208 di}

310 3228 447 3302 sitnon
474 3255 587 3304 carere
612 3259 674 3304 sua
704 3233 880 3305 autoritate
906 3249 939 3305 et
965 3231 1216 3332 probabilitate,
1238 3249 1265 3306 et

309 3338 402 3412 illam
420 3341 455 3412 iu
482 3342 652 3441 aliquibus
671 3342 948 3440 praecedentibus
966 3343 1176 3418 editionibus
1196 3372 1265 3444 gra·

307 3451 484 3526 vissimam
515 3452 666 3538 dixerat,
699 3469 732 3526 et
758 3455 792 3524 in
818 3453 911 3526 illam
944 3456 1042 3528 etiam
1074 3455 1266 3557 aliqualiter

309 3561 421 3662 quoad
450 3560 566 3634 eadem
595 3561 717 3636 tributa
747 3563 912 3638 indirecta
939 3557 1072 3640 videtur
1102 3568 1266 3642 inclinare

307 3672 401 3770 (dury
431 3675 523 3767 (tom.
543 3673 576 3741 1.
595 3673 678 3760 738,
700 3673 814 3770 tta).
