2640 4430
713 308 751 320 -
774 278 814 335 23
835 307 873 322 ..
954 329 957 337 A

315 382 469 457 consulto
496 407 624 454 merces
651 382 807 468 occultat,
828 409 914 481 quas
939 381 1069 454 invehit
1094 382 1128 452 in
1156 383 1281 454 civite-

315 515 393 584 tem,
416 516 448 570 et
466 520 526 593 pro
545 492 670 592 quibus
697 509 787 565 esset
814 492 1012 565 solvendum
1038 492 1199 589 vectigal,
1228 493 1281 565 vel

314 607 443 680 invehit
476 632 535 703 per
560 604 633 677 loca
659 603 750 676 invia
776 619 808 675 et
834 603 1037 701 importunis
1068 603 1190 690 horis,
1223 619 1282 676 aut

314 717 443 790 occulte
468 741 597 786 merces
622 713 750 798 vendit,
773 740 834 812 pro
854 739 922 812 qua
938 713 1131 788 venditione
1148 715 1282 812 pariter

314 843 405 900 esset
431 824 628 899 solvendum
662 823 838 896 tributum.
863 824 959 896 Ratio
985 825 1066 922 quia
1092 825 1121 896 si
1150 825 1282 896 tribute

314 939 361 1010 ita
387 955 511 1010 sunta
538 934 711 1034 republica
745 951 897 1034 recepta,
926 953 962 1006 ut
989 961 1055 1007 non
1088 935 1282 1007 debeantur

315 1049 380 1120 nisi
411 1048 530 1146 petita,
561 1073 622 1118 our
648 1071 713 1118 non
743 1046 863 1143 poterit
888 1046 1014 1145 aliquis
1044 1045 1215 1118 occultare
1244 1073 1281 1118 se

314 1187 357 1230 ne
383 1159 426 1232 ab
452 1184 493 1232 eo
522 1157 702 1256 petantur?
730 1159 797 1256 lpsi
826 1174 1019 1244 exactores,
1050 1157 1102 1230 vol
1128 1184 1279 1256 quorum

313 1271 452 1342 interest
477 1269 616 1368 vigilare
645 1269 768 1341 debent
793 1296 834 1340 ne
865 1271 943 1368 quis
972 1296 1025 1340 res
1060 1295 1141 1340 suas
1167 1295 1204 1340 v.
1224 1295 1277 1365 gr.

313 1382 436 1453 vendat
462 1380 602 1452 occulte:
632 1379 689 1451 alii
716 1379 804 1451 enim
834 1407 899 1453 non
927 1395 1081 1452 tenentur
1108 1380 1220 1452 lacere
1242 1396 1278 1451 ut

314 1493 365 1564 sui
393 1508 584 1564 contractus
610 1491 746 1562 veniant
771 1491 813 1562 ad
841 1489 992 1563 notitiam
1017 1488 1277 1588 publicanorum

313 1603 365 1675 vel
393 1603 548 1675 aliorum.
570 1604 665 1674 Hanc
692 1603 891 1676 sententiam
918 1617 1031 1674 tenent
1055 1601 1180 1675 Molina
1199 1628 1276 1674 cum

315 1712 392 1785 aliis
419 1712 509 1811 apud
528 1715 618 1809 Lugo
639 1713 728 1810 (ll.)
750 1729 782 1784 et
799 1713 856 1784 alii
874 1713 937 1785 viri
965 1713 1053 1785 docti
1081 1712 1171 1810 apud
1193 1715 1277 1784 San·

314 1821 396 1894 cbez
417 1823 530 1918 (ciun.
549 1826 625 1916 11.)
644 1823 702 1920 qui
726 1834 772 1910 (n.
791 1825 867 1917 11.)
889 1823 980 1893 illam
1000 1821 1209 1919 probabilem
1230 1822 1277 1892 di-

313 1932 376 2018 cit,
397 1949 429 2004 et
453 1931 544 2004 illam
560 1933 664 2004 'refert
682 1935 715 2004 S.
735 1932 836 2030 Alpb.
857 1933 948 2005 citat.
977 1935 1091 2028 (616.)
1113 1934 1198 2031 quin
1223 1932 1273 2006 vel

314 2044 489 2115 minimum
516 2043 609 2116 illam
636 2045 790 2116 videatur
816 2043 1074 2141 reprehendere.
1200 2052 1207 2065 “

396 2156 468 2227 Non
505 2155 601 2251 pauci
638 2155 750 2226 adhuc
782 2155 967 2226 recensitae
1001 2154 1190 2226 sententiae
1218 2179 1275 2251 pa-

315 2265 400 2337 troni
428 2264 569 2335 ulterius
597 2265 709 2335 adhuc
738 2265 1009 2361 progredientem
1042 2264 1155 2362 plures
1183 2265 1271 2336 enim

314 2374 426 2446 adbuc
451 2373 569 2445 dicunt
594 2374 832 2468 interrogatum
864 2373 907 2445 ab
941 2373 1152 2447 exactoribus
1188 2401 1273 2472 quas

313 2485 413 2558 vebat
442 2509 570 2558 merces
605 2503 664 2558 aut
698 2486 888 2557 vendiderit
921 2501 1002 2571 etc,
1032 2488 1060 2558 si
1094 2487 1274 2558 mentiatur

314 2596 427 2668 minus
454 2595 658 2667 declarando
686 2622 787 2694 quam
815 2623 869 2668 res
896 2612 998 2681 esset,
1015 2596 1164 2668 nondum
1184 2615 1274 2669 tene-

313 2707 363 2791 ri,
391 2705 473 2804 quia
500 2732 604 2804 quum
633 2723 749 2804 posset
777 2705 979 2805 publicanus
1006 2734 1138 2778 summo
1164 2709 1273 2804 rigore

313 2818 469 2890 incedere
495 2843 564 2888 rem
591 2817 808 2902 verificando,
830 2818 859 2888 si
887 2817 922 2889 id
949 2844 1015 2890 non
1044 2834 1194 2915 praestat
1221 2847 1273 2890 sa-

313 2928 357 3000 tis
384 2927 513 2999 indicat
544 2926 636 3024 quod
672 2926 796 2998 tributa
823 2928 857 2998 in
885 2953 967 2999 casu
998 2946 1131 3001 summo
1163 2929 1272 3024 rigore

313 3065 379 3110 non
407 3039 502 3135 petit,
531 3057 564 3110 et
588 3038 678 3136 quod
706 3054 897 3110 contentum
924 3065 961 3110 se
989 3039 1089 3112 habet
1114 3040 1272 3114 declara-

312 3149 402 3221 tione
428 3149 528 3234 lacta,
545 3149 648 3248 idque
674 3148 793 3221 iterum
823 3147 995 3248 probabile
1022 3150 1104 3224 dicit
1121 3152 1271 3226 Sancbez

314 3260 529 3356 (n.16.),et
556 3277 645 3334 tenet
669 3260 793 3334 Melina
821 3287 930 3359 penes.
950 3262 1054 3358 Lugo.

385 3369 427 3440 Et
453 3384 587 3468 propter
615 3372 775 3446 rationem
811 3399 899 3445 nuno
924 3374 1049 3446 dictam
1075 3373 1160 3445 bene
1186 3377 1271 3448 reti—

311 3479 384 3552 neri
414 3496 522 3580 potest
547 3507 587 3552 ex
614 3482 711 3554 Sttler
730 3483 776 3581 (p.
803 3485 899 3576 150.)
929 3500 961 3556 et
991 3483 1145 3556 Roussel.
1179 3486 1269 3585 quod

314 3592 343 3662 si
370 3590 494 3664 alicubi
522 3617 542 3664 a
568 3593 767 3689 magistratu
793 3593 881 3689 exigi
909 3594 1015 3668 soleat
1033 3594 1196 3669 bonorum
1215 3597 1268 3670 de-
