2640 4430
720 355 757 376 -f
779 323 819 384 66
841 353 878 368 ·-
1127 371 1129 378 Α

255 521 258 528 ¹
393 433 444 506 Ad
462 431 617 504 ultimum
635 430 735 528 Resp.
753 429 873 524 Legem
892 453 979 524 quae
998 424 1124 522 obligat
1141 425 1189 497 ad
1209 451 1283 524 poa

319 573 398 620 narn
417 570 483 616 non
502 541 693 614 necessario
719 538 868 634 obligare
895 537 959 610 sub
984 537 1085 635 culpa
1102 537 1170 608 iam
1200 537 1284 608 dixi-

319 683 395 730 mus
423 681 462 726 ex
489 653 585 727 valde
612 651 781 724 communi
812 648 1057 744 Theologorum
1092 651 1281 720 sententia.

319 770 443 840 Suarcz
474 763 551 856 (lib.
575 767 608 833 5.
628 789 659 834 c.
683 764 716 833 l.
745 762 787 833 de
813 760 945 856 legibus
973 787 1006 830 n.
1027 761 1093 854 2.),
1117 762 1151 831 S.
1175 761 1280 859 Alph.

318 879 380 950 lib.
399 881 433 946 l.
453 878 542 970 ld),
564 875 719 973 quamvis
740 900 847 971 poena
867 875 899 942 in
926 898 1008 944 casu
1028 873 1217 971 improprie
1238 875 1284 944 di-

318 1009 415 1064 catur
441 989 539 1074 talis3
569 1005 601 1061 et
628 987 703 1060 licet
731 1015 838 1085 poena
867 1004 958 1059 esset
987 987 1218 1083 grauissima.
1255 1004 1284 1058 ut

320 1101 454 1198 capitis,
468 1098 704 1183 mutilationis,
724 1097 921 1182 triremium,
934 1124 974 1169 ex
993 1097 1148 1194 pluribus
1168 1097 1283 1169 adhuc

320 1234 396 1288 eum
424 1213 572 1282 Navarro
597 1227 629 1282 et
657 1213 689 1280 S.
716 1209 817 1306 Alph.
838 1225 871 1280 ct
897 1209 999 1281 Salm.
1028 1236 1094 1281 non
1124 1210 1206 1281 inde
1235 1237 1283 1282 se-

320 1338 479 1422 queretur
505 1320 610 1416 legem
640 1319 730 1392 illarn
750 1307 949 1392 statuentem
970 1345 1125 1417 poenam,
1149 1321 1194 1392 ad
1214 1321 1282 1393 cul-

321 1462 401 1534 pam
427 1435 552 1506 directe
579 1432 729 1530 obligare
755 1433 818 1505 nisi
847 1461 887 1506 ex
914 1434 979 1506 alio
1007 1433 1117 1531 capite
1143 1434 1180 1505 id
1209 1461 1281 1532 pro

319 1547 430 1620 betur.
456 1545 573 1628 Verum
601 1544 693 1640 leges
725 1544 924 1619 tributorum
951 1571 1124 1644 nunquam
1154 1571 1281 1644 poenas

321 1675 389 1730 tarn
418 1681 537 1752 graves
555 1656 778 1741 constituunt,
801 1673 834 1728 et
851 1657 1010 1756 quamvis
1028 1672 1218 1729 statuerent
1236 1684 1282 1731 so

320 1768 391 1840 lum
423 1783 621 1865 sequeretur
655 1793 755 1866 posse
782 1766 929 1866 aliquem
955 1795 1094 1867 peccare
1125 1794 1165 1841 eo
1193 1771 1280 1869 quod

321 1880 472 1981 periculo
495 1883 608 1976 grauis
634 1882 749 1954 damni
777 1909 813 1954 sc
838 1899 995 1981 exponat,
1017 1909 1084 1955 non
1102 1899 1225 1955 eutem
1244 1909 1280 1955 eo

201 2018 204 2022 ¹
323 1993 414 2090 quod
441 1991 564 2067 tributa
590 1992 731 2066 lraudet.
755 1993 851 2066 Unde
876 1995 905 2066 si
926 1989 1054 2066 secreto
1072 2007 1201 2066 etcum
1219 1996 1280 2066 cir·

322 2107 574 2205 oumspectione
599 2108 678 2206 quis
705 2109 832 2183 tributa
858 2109 1041 2194 fraudaret,
1059 2110 1106 2181 ita
1124 2125 1162 2182 ut
1181 2136 1279 2182 morn-

320 2220 397 2294 liter
423 2246 489 2293 uon
515 2221 651 2294 adesset
668 2223 854 2319 periculum
887 2225 977 2322 quod
1008 2223 1279 2323 deprehendatur

322 2357 363 2406 cx
388 2330 480 2403 nullo
506 2331 615 2428 eapite
642 2351 795 2428 peccaret
819 2335 1014 2407 mortaliter.

770 2535 830 2604 sl.

323 2678 494 2734 uouuuuun
520 2679 796 2726 consecuturam
818 2679 958 2726 suenum
978 2683 1160 2728 scurnum
1186 2685 1279 2727 unnu-

382 2759 522 2815 ouurun,
537 2759 785 2816 numennumen
807 2763 910 2808 nonno
930 2764 1165 2820 nusoui'unrun
1186 2765 1279 2813 oote-

383 2839 510 2882 srmuus
530 2839 620 2900 oreon¹
642 2840 863 2914 porussorum,
877 2843 1061 2888 urrunnu.

396 2999 446 3071 Ex
472 2999 536 3070 hac
562 2999 729 3070 sententia
755 3001 897 3072 insertur
916 3001 1015 3098 pleno
1036 3004 1109 3077 iure
1125 3019 1159 3077 et
1177 3003 1281 3076 alor-

225 3101 226 3104 '
324 3109 399 3182 tiori
426 3108 577 3182 excusari
614 3123 751 3206 peccato
784 3109 991 3200 iniustitiae,
1025 3131 1058 3186 et
1088 3114 1278 3214 usquedum

323 3219 417 3293 haud
442 3219 544 3292 fuerit
576 3221 810 3319 deprehensus
835 3223 870 3294 in
900 3225 1080 3320 negatione
1108 3225 1224 3298 tributi
1250 3239 1281 3295 et

323 3329 472 3429 legitime
498 3332 740 3406 condemnatus
759 3332 852 3407 nullo
871 3335 1091 3408 restitutionis
1109 3362 1212 3410 onere
1229 3333 1283 3406 ed-

321 3446 444 3543 stn'ngi
471 3446 531 3544 qui
550 3471 678 3520 merces
701 3446 753 3520 vel
778 3448 930 3547 seipsum
953 3449 1098 3524 occultat
1115 3475 1158 3526 ne
1178 3449 1283 3523 solvat

322 3557 498 3643 tributum,
514 3555 592 3628 illas
617 3559 653 3630 in
679 3558 847 3632 civitatem
870 3581 930 3656 per
955 3555 1214 3637 vias‘insclitas
1233 3555 1283 3630 rel

322 3671 423 3744 etiam
450 3667 638 3768 prohibitas
666 3669 807 3759 invehit,
829 3695 872 3746 nc
888 3672 997 3749 solvat
1020 3673 1167 3770 uectigal
1195 3667 1283 3772 quod
