2640 4430
467 344 505 355 -
528 309 567 366 77
588 338 625 350 ..

35 411 85 484 ad
126 439 237 485 usum
276 414 457 489 deserentis
492 411 680 487 destinatas
715 437 793 484 vere
828 412 1025 510 impositum

36 550 128 596 esse
165 524 351 612 tributum,
381 527 471 625 quod
507 523 578 596 fieri
607 547 708 619 posse
739 523 886 596 diximus
914 555 930 592 n
960 524 1026 596 sub

36 635 157 708 tertia
186 635 379 710 conditione
405 638 448 708 ad
476 635 590 708 tributi
618 634 783 706 iustitiam
812 637 1022 740 requisita.»

126 744 256 830 Quoad
275 771 333 818 eos
350 773 428 821 vero
447 747 505 845 qui
525 745 683 818 custodes
703 744 867 816 inducunt
885 747 927 817 ad
945 772 1025 818 con-

36 856 276 929 sentiendum
305 857 503 930 tributorum
522 855 726 928 fraudationi
745 857 880 927 videtur
897 874 930 928 et
948 857 1023 930 illos

35 970 167 1042 teneri
194 969 369 1042 restituere
395 969 565 1070 quidquid
591 968 804 1040 lucraturum.
824 967 943 1040 luisset
961 997 1024 1066 pu-

36 1079 186 1152 blicum
215 1079 394 1162 aerarium,
418 1082 447 1152 si
469 1080 545 1152 talis
565 1079 734 1177 corruptio
753 1078 861 1151 locum
881 1105 946 1151 non
967 1079 1024 1150 ha-

39 1189 193 1262 buisset
224 1216 291 1262 non
328 1190 465 1288 quidem
499 1190 533 1260 in
570 1207 684 1262 nostra
719 1191 886 1260 sententia
918 1215 1023 1262 cause

36 1301 210 1386 fraudis,
241 1300 300 1372 sed
326 1327 430 1372 causa
456 1301 703 1399 cooperationis
733 1299 780 1372 illi
809 1300 1018 1386 iniustitiae,

38 1411 88 1482 ad
124 1437 232 1510 quam
259 1412 517 1509 perpetrandam
545 1411 749 1482 induxerunt
774 1410 946 1482 custodes.

130 1521 249 1594 Solum
277 1537 385 1618 potest
408 1520 558 1596 dubitari
585 1546 627 1591 an
655 1519 763 1618 primo
789 1519 863 1593 loco
882 1535 1017 1592 tenean-

41 1650 105 1703 tur
143 1633 320 1704 restituere
352 1632 509 1706 custodes
544 1633 602 1730 qui
640 1631 844 1704 fraudationi
880 1658 1022 1705 consen-

41 1748 166 1836 tiunt,
194 1773 236 1820 an
263 1747 329 1844 ipsi
366 1747 561 1820 fraudantes
588 1747 646 1846 qui
674 1746 833 1819 custodes
869 1773 1022 1819 corrum-

43 1875 153 1955 punt.
177 1860 214 1930 ln
234 1861 391 1948 strictiori
407 1861 572 1933 sententia
585 1859 674 1932 circa
688 1859 804 1932 tributi
820 1858 1020 1932 solutionem
1064 1843 1068 1858 ’

44 1969 84 2039 in
117 1970 339 2053 conscientia,
361 1969 403 2041 ad
430 1969 663 2068 quaestionem
690 1969 822 2040 videtur
841 1968 950 2041 lacilis
971 1995 1022 2041 re-

45 2082 212 2179 sponsio,
232 2099 265 2154 et
289 2082 471 2154 dicendum
497 2080 655 2154 custodes
687 2080 813 2164 teneri,
844 2080 1022 2152 restituere

47 2191 168 2264 solum
195 2192 345 2264 secundo
364 2191 449 2278 loco,
471 2207 504 2264 et
521 2190 657 2263 nonnisi
678 2207 752 2288 post
768 2215 826 2264 eos
846 2190 904 2287 qni
926 2191 1019 2288 ipsos

47 2301 216 2375 custodes
243 2303 446 2374 induxerunt
471 2302 514 2376 ad
540 2301 785 2375 fraudationem
810 2300 925 2374 tributi
947 2327 1021 2399 per-

48 2413 269 2486 mittendam.
291 2414 355 2484 Sed
382 2413 416 2483 in
444 2430 560 2488 nostra
586 2417 753 2488 sententia
779 2440 818 2485 ex
838 2439 907 2484 una
924 2429 1020 2509 parte

46 2523 216 2595 videntur
242 2524 350 2621 primo
376 2524 449 2597 loco
475 2527 579 2599 teneri
606 2526 766 2600 custodes
784 2525 844 2623 qui
861 2523 1021 2596 videntur

48 2661 183 2708 causae
210 2635 415 2734 principales
450 2637 564 2710 damni
592 2638 683 2736 quod
710 2637 789 2710 inde
816 2634 941 2731 petitur
966 2633 1020 2706 lex

49 2745 280 2832 tributorum,
307 2745 394 2845 ipsis
421 2748 510 2820 enim
538 2749 699 2846 primario
724 2763 758 2819 et
782 2771 842 2844 per
868 2769 906 2816 se
931 2744 1020 2816 inest

49 2859 82 2927 vi
116 2871 309 2929 contractus
335 2856 497 2954 obligatio
527 2857 734 2956 impediendi
769 2853 1019 2928 fraudationem

49 2965 189 3052 tributi,
211 2966 308 3040 cuius
334 2967 551 3064 obligationis
576 2967 712 3041 violatio
739 2982 807 3039 tota
833 2989 938 3037 causa
967 2979 1020 3035 est

50 3080 89 3150 in
118 3092 235 3150 nostra
261 3079 428 3152 sententia
453 3105 512 3152 cur
530 3079 565 3149 iu
583 3103 665 3152 casu
683 3077 780 3150 adest
796 3073 947 3147 debitum
966 3099 1019 3146 re-

51 3189 254 3273 stitutionis,
278 3215 376 3288 porro
401 3189 596 3264 fraudentes
622 3190 657 3260 in
674 3215 756 3264 casu
775 3185 884 3260 solum
902 3201 1020 3274 contra

51 3298 149 3371 illam
163 3297 402 3396 obligationem
415 3316 554 3397 egerunt
567 3315 735 3398 quatenus
750 3296 907 3371 custodes
923 3295 1018 3394 ipsos

52 3416 100 3488 ad
119 3413 211 3488 illam
231 3416 544 3512 transgrediendam
563 3415 781 3502 induxerunt,
803 3427 836 3486 et
862 3411 912 3484 sic
938 3424 1020 3483 sunt

53 3525 167 3602 solum
178 3541 411 3624 cooperatores
426 3527 626 3615 iniustitiae,
635 3553 701 3600 non
714 3549 793 3600 vcro
807 3538 1015 3607 executores,

55 3654 255 3714 executores
281 3654 392 3714 autem
419 3639 609 3714 iniustitiae
634 3654 732 3738 prout
758 3649 837 3710 sunt
861 3629 1019 3708 custodes
1117 3705 1123 3714 ,
