2640 4430
424 335 582 400 ..15-

22 461 115 531 cant,
129 461 161 518 et
174 445 255 516 dum
269 444 336 517 alia
354 470 457 516 onera
475 445 695 542 imponuntur
711 444 878 518 divitibus
897 471 986 544 qaae
1028 487 1031 495 ·

24 581 195 655 pauperes
223 581 290 628 non
325 556 506 636 sustinent.
537 555 675 629 Accedit
701 557 791 654 quod
819 556 898 630 lieet
924 585 989 630 non

24 668 280 764 imponerentur
305 665 460 762 gabellae
486 692 591 764 super
629 665 827 738 huiusmodi
864 667 985 754 rebus,

26 779 87 851 sed
116 794 244 850 tanturn
271 803 373 879 super
403 775 503 864 aliis,
536 804 624 876 quae
660 779 991 874 negotiationi'sunt

25 889 228 972 destinatae,
249 887 362 959 adhuc
386 888 609 960 nihilominus
629 888 857 961 redundarent
877 891 909 959 in
929 889 992 962 ali-

25 999 120 1100 quod
145 1025 332 1098 pauperum
359 1026 559 1096 gravamen,
586 1027 625 1082 eo
661 1000 752 1099 quod
787 1019 989 1074 mercatores

27 1111 105 1184 illas
125 1137 179 1183 res
197 1111 317 1183 cariori
335 1112 520 1184 venderent
539 1113 657 1210 pretio.
675 1113 799 1183 Suarez
819 1115 861 1205 (o.
880 1117 936 1196 16,
953 1115 986 1182 3.

27 1221 177 1320 Sylvius
198 1219 351 1310 Billuart‚
372 1222 523 1307 Loesius,
545 1224 636 1318 Lugo
656 1224 748 1317 ll).

101 1332 152 1401 Ad
180 1358 210 1403 c.
234 1331 437 1430 Quanquam
469 1332 511 1404 de
533 1330 695 1404 censibus
726 1333 759 1402 in
788 1337 822 1403 6.
853 1358 988 1432 respon·

28 1441 84 1513 det
109 1443 234 1512 Suarez
262 1441 322 1511 nil'
339 1441 432 1513 aliud
462 1469 521 1540 per
547 1442 611 1514 hoo
641 1442 695 1514 ius
715 1441 901 1540 prohiberi,
924 1441 991 1512 nisi

28 1551 62 1621 id
89 1550 182 1650 quod
202 1576 261 1649 per
278 1550 316 1622 C.
338 1553 538 1641 innovamus
560 1553 603 1626 de
631 1553 792 1625 censibus
818 1567 851 1625 et
876 1551 914 1624 C.
937 1578 993 1623 su-

23 1691 86 1762 per
113 1663 320 1749 Quibusdam
346 1665 388 1739 de
413 1667 591 1741 verborum
626 1655 893 1763 significatione,
932 1665 991 1737 ubi

29 1801 96 1846 non
126 1773 348 1873 prohibentur
374 1776 454 1849 talia
473 1777 609 1864 tributa,
631 1793 799 1877 quatenus
819 1803 923 1875 super
940 1775 994 1846 di-

27 1902 100 1959 etas
126 1911 181 1958 res
208 1885 353 1974 cadunt,
385 1889 445 1960 sed
480 1906 649 1988 quatenus
676 1915 743 1962 non
771 1889 924 1961 feruntur
949 1887 993 1959 ab

28 1994 236 2068 habentibus
263 2014 477 2096 potestatem,
503 1998 557 2071 vel
586 2025 652 2072 non
680 2026 721 2071 ex
752 2024 923 2071 consensu
953 1996 995 2066 il-

30 2107 155 2180 lorum.

105 2218 201 2304 Quae
227 2221 404 2318 responsio
431 2220 588 2320 quamvis
606 2248 646 2293 ex
666 2221 757 2316 Lago
778 2224 825 2315 (n.
845 2219 920 2312 88.)
943 2217 996 2288 di-

30 2329 197 2403 vinatoria
222 2331 268 2402 sit
293 2349 330 2402 et
351 2329 481 2430 absque
499 2331 733 2418 fundamento,
750 2329 832 2430 quia
852 2327 995 2400 indicto

29 2441 67 2513 C.
100 2440 300 2539 Quanquam
332 2467 448 2515 revera
481 2469 593 2528 sermo
619 2459 670 2516 est
696 2441 738 2514 de
765 2440 909 2542 pedagio
940 2466 996 2512 su·

29 2579 92 2654 per
118 2578 187 2640 res,
206 2577 294 2652 quae
320 2553 363 2624 ad
389 2580 482 2627 usus
502 2554 657 2654 proprios
683 2568 716 2626 et
742 2579 808 2626 non
835 2552 878 2624 ad
897 2575 996 2647 nego·

30 2663 207 2738 tiationem
234 2661 449 2750 deferuntur,
474 2690 541 2739 uon
568 2663 647 2737 inde
674 2663 785 2736 tamen
811 2659 997 2736 reiieienda

30 2774 119 2870 haee
145 2773 264 2846 ultima
289 2774 476 2860 sententia,
492 2765 494 2770 ¹
510 2773 592 2875 quia
621 2773 734 2855 dietus
770 2790 879 2846 textus
903 2771 995 2843 'dum

31 2886 117 2957 dioit
146 2883 341 2958 huiusmodi
368 2883 559 2959 exactiones
578 2885 776 2982 regulariter
797 2885 901 2980 (nota)
918 2905 996 2952 esse

31 2995 225 3083 damnatas,
243 2997 327 3088 satis
354 2997 484 3070 indicat
501 2997 565 3070 has
583 2997 775 3071 exactiones
794 3020 860 3067 non
879 2990 998 3091 prohi-

30 3107 119 3204 beri,
150 3107 179 3180 si
207 3133 326 3203 graves
354 3135 478 3182 oausae
510 3108 586 3182 illas
616 3107 800 3208 requirant.
823 3103 890 3178 Sed
914 3102 997 3176 hine

30 3217 132 3291 valde
157 3217 357 3291 rationabile
379 3220 523 3306 videtur,
543 3220 633 3320 quod
651 3217 770 3293 volunt
785 3217 901 3315 plures
919 3239 998 3288 oum

31 3327 89 3400 eit.
112 3327 251 3416 Suarez,
273 3328 401 3428 quibus
426 3315 764 3402 videtur'adhaerere
790 3332 825 3398 S.
847 3325 997 3426 Alphen-

32 3465 93 3512 sus
119 3443 218 3535 (616.
236 3467 270 3540 q.
292 3443 359 3536 4.),
380 3441 512 3516 seilicet
538 3442 644 3530 teneri
671 3440 860 3541 prinoipem
874 3449 999 3510 “mora-

31 3547 100 3622 lem
119 3549 332 3649 diligentiam
351 3552 526 3642 adhibere,
545 3569 585 3627 ut
601 3552 753 3626 inveniat
770 3550 908 3624 modum
925 3569 999 3620 ma-

31 3658 87 3756 gis
112 3685 253 3738 suavem
278 3677 312 3737 et
345 3689 493 3765 aequum
523 3689 564 3739 ae
590 3662 699 3762 magis
735 3657 884 3739 subditis
914 3680 1000 3758 pro-
