2640 4430
452 359 490 372 ..
513 329 550 387 71
573 357 611 370 ..

47 429 270 514 sententian,
301 429 442 502 ethaeo
468 429 635 501 sententia
666 427 816 500 nondum
844 443 896 500 est
921 428 1009 516 lata,

46 558 82 612 ut
111 541 320 639 supponitur
345 542 379 612 in
409 567 491 614 casu
514 540 737 640 quaestionis,
759 541 895 612 omnino
918 540 1013 613 vides

46 669 100 724 tur
130 652 232 724 talem
264 651 474 724 fraudantem
494 651 736 724 absolvendum
764 652 1012 724 arestitutione

46 765 232 838 solutionis
251 763 377 852 trlhuti‚
399 765 554 864 quamvis
576 781 612 837 ut
629 765 776 836 diximus
794 764 924 837 absolvi
945 789 1013 838 non

45 877 160 976 possit
189 903 209 949 a
245 877 455 950 restitutione
482 877 680 950 damnorum
716 903 804 978 quae
833 891 1014 948 causasset

46 988 89 1060 ob
118 1013 219 1060 suam
242 987 422 1060 violentam
441 991 617 1060 actionem.
639 989 681 1060 Et
700 989 749 1061 sic
767 989 899 1062 ridetur
918 985 1011 1057 illum

47 1099 228 1174 absolvere
254 1101 424 1172 Navarrus
446 1101 517 1195 (cit.
535 1127 564 1173 c.
584 1101 643 1171 23.
663 1103 737 1197 61)
755 1099 813 1170 ubi
831 1099 915 1172 haec
933 1099 1013 1170 scri-

45 1210 108 1285 bit:
132 1241 153 1279 «
174 1211 360 1310 importans
387 1227 446 1283 aut
471 1228 651 1310 exportans
681 1213 785 1284 vetita
811 1227 929 1310 peccat
954 1233 1013 1281 vo·
1058 1221 1060 1226 '

45 1322 152 1395 lando
185 1321 365 1394 defendere
398 1350 437 1394 ea
467 1325 499 1393 vi
527 1340 559 1394 ot
585 1325 702 1407 armis,
724 1351 766 1396 ne
787 1322 945 1395 custodes
979 1321 1011 1391 ei

45 1435 206 1506 auferant
231 1432 301 1514 illa,
324 1429 405 1532 q'uia
435 1435 493 1533 qui
526 1434 656 1506 resistit
685 1436 772 1506 iuste
804 1432 1011 1530 aggredienti
1103 1426 1108 1436 ¹

44 1560 179 1643 peccat.
201 1543 293 1614 Dixi:
313 1544 346 1615 ri
373 1560 405 1615 et
431 1544 548 1631 armis,
571 1545 651 1644 quia
679 1569 789 1631 secus,
808 1549 834 1616 si
863 1545 941 1640 fuga
959 1542 1012 1614 vel

44 1653 188 1726 blandis
213 1652 340 1738 verbis,
362 1670 420 1725 aut
446 1653 513 1727 alio
540 1654 639 1730 modo
658 1654 748 1728 licito
765 1672 799 1727 et
816 1655 958 1728 honesto
976 1652 1026 1723 id*

45 1766 186 1838 faceret.
207 1793 224 1833 n
256 1762 327 1848 lbi,
358 1780 394 1835 ut
419 1763 516 1850 dico,
548 1767 718 1837 Navarrus
754 1766 851 1838 talem
879 1767 1015 1838 videtur

46 1877 238 1961 absolvere,
260 1901 337 1946 nam
365 1877 407 1946 ad
432 1877 666 1975 quaestionem
692 1904 793 1975 quam
813 1878 946 1974 agimus
966 1879 1014 1946 in-

46 1988 210 2061 differens
236 1984 369 2056 videtur
395 2012 435 2056 an
463 1987 632 2060 fraudatio
658 1987 772 2059 tributi
793 1988 852 2058 frat
870 2013 1013 2086 perme-

46 2101 144 2171 dium
177 2099 289 2194 fugae,
321 2096 372 2168 rel
401 2123 460 2195 per
483 2099 573 2185 vim;
604 2125 681 2170 nam
709 2115 741 2170 et
772 2099 807 2168 in
834 2124 917 2171 casu
943 2125 1013 2196 quo

47 2208 224 2282 fraudetur
255 2206 415 2278 tributum
440 2206 599 2304 fugiendo
626 2210 811 2306 praecessit
836 2208 952 2308 petitio
972 2206 1012 2277 il-

47 2321 130 2405 lius,
151 2336 188 2392 ut
215 2319 377 2417 supponit
398 2319 580 2406 Navarrus²
603 2339 635 2392 et
653 2336 752 2420 prout
769 2321 939 2418 colligitur
956 2347 1014 2392 ex·

47 2435 204 2533 pressius
235 2450 267 2504 et
296 2459 336 2504 ex
366 2432 444 2504 aliis
477 2434 588 2506 verbis
622 2461 710 2533 quae
740 2435 855 2522 addit,
886 2451 918 2506 et
944 2436 1011 2506 iam

48 2547 135 2644 legis
168 2547 407 2646 praecipientis
433 2547 593 2620 tributum
620 2548 708 2620 facta
734 2567 786 2620 est
811 2549 1008 2646 applicatio,

46 2675 79 2730 et
106 2659 175 2728 iam
208 2657 262 2728 lex
290 2658 490 2731 illuderetur
520 2684 579 2755 per
608 2657 754 2730 medium
787 2657 877 2758 quod
904 2684 1013 2755 aeque

46 2786 182 2867 spectat
209 2769 252 2841 ad
282 2770 381 2842 linem
410 2797 450 2842 ac
481 2771 546 2855 vis,
567 2786 600 2840 et
630 2769 720 2867 quod
739 2795 759 2840 a
775 2771 808 2839 vi
835 2769 1013 2839 discrimi-

45 2899 152 2954 natur
183 2908 249 2954 non
277 2899 444 2981 quatenus
474 2899 526 2954 est
560 2881 721 2965 medium,
755 2879 813 2952 sed
841 2879 949 2950 solum
978 2880 1012 2948 in

46 2991 305 3064 circumstantia
331 2990 543 3076 accidentafi;
575 3007 608 3063 at
635 2992 668 3062 in
695 3016 776 3062 casu
805 3014 872 3088 quo
898 2987 1014 3059 tribu-

46 3119 119 3174 tum
148 3125 215 3172 non
234 3100 383 3174 solvatur
400 3104 481 3201 quia
499 3101 593 3174 illius
611 3100 743 3174 debitor
764 3100 850 3196 fugit
868 3099 1015 3172 absolvit

45 3217 221 3288 Navarrus
247 3241 267 3286 a
293 3216 516 3302 restitutione;
534 3240 613 3312 ergo
639 3231 672 3286 et
689 3240 709 3284 a
728 3213 935 3285 restitutione
954 3213 1014 3282 ab·

47 3328 183 3400 solvero
207 3327 417 3400 convincitur
443 3344 474 3399 et
499 3328 558 3426 qui
578 3326 635 3398 illa
654 3350 721 3398 non
739 3325 839 3398 solvit
854 3325 885 3397 vi
906 3324 1015 3397 adbi-

45 3441 132 3524 bita,
155 3438 293 3512 aliunde
319 3441 347 3512 si
380 3440 453 3513 loco
482 3441 584 3513 citato
614 3441 782 3512 Navarrus
810 3439 1015 3511 intendisset

46 3571 79 3625 et
116 3553 327 3627 fraudantem
359 3553 519 3624 tributum
557 3577 616 3649 per
646 3553 714 3622 vim
741 3550 782 3623 de
808 3551 1015 3646 obligatione

47 3666 249 3740 restituendi
277 3667 448 3739 criminari
476 3684 508 3738 et
535 3691 599 3738 non
629 3665 736 3738 solum
764 3666 805 3736 de
831 3665 947 3764 culpa,
978 3662 1012 3732 id
