2640 4430
461 329 498 341 -
520 297 560 356 35
583 329 619 342 ..

51 401 93 474 la
117 399 230 474 duone
256 415 289 470 et
308 398 456 487 l'oetmi,
476 402 539 499 qui
566 399 743 484 custodum
770 415 803 472 et
828 415 1021 490 exactorum

52 509 271 608 vigilantiam
298 508 434 583 eludere
460 509 553 582 haud
578 510 700 586 valeat.

138 621 213 710 Qua
239 621 353 720 posita
378 623 624 695 cousuetudine
649 621 702 694 vel
728 619 836 717 legem
862 621 1025 720 interpre-

52 749 150 806 tante
175 731 229 804 vel
253 748 371 804 contra
397 732 507 831 ipsam
543 731 793 830 praescribente
825 747 857 804 et
886 733 1023 806 certitu-

54 843 139 917 dine
165 843 267 916 etiam
300 843 515 917 antecedente
546 842 637 943 quod
669 843 722 916 lex
755 843 789 914 in
816 841 879 916 hoc
911 843 1022 916 solum

54 981 164 1028 sensu
191 951 438 1040 observabitur,
456 953 484 1046 sj
504 952 725 1026 nibilominus
743 952 915 1050 legislator
935 953 1022 1028 obli-

55 1081 153 1162 garet
179 1065 215 1132 in
241 1062 460 1149 conscicntia,
482 1079 518 1136 ut
544 1063 668 1136 tributa
695 1061 904 1137 solverentur
934 1064 1023 1160 rigo·

55 1202 136 1249 roso
163 1173 277 1261 modo,
298 1175 350 1270 (ex
365 1175 456 1270 Lugo
477 1176 567 1272 ll),
586 1200 652 1247 non
679 1173 864 1248 deserviret
888 1175 947 1248 illa
969 1174 1023 1247 lex

56 1287 126 1360 nisi
154 1284 198 1358 ad
216 1283 453 1383 illaqueandas
472 1285 603 1357 animas
624 1284 838 1359 subditorum
859 1287 934 1360 sine
951 1285 1023 1358 lru·

57 1387 139 1484 etri,
171 1413 204 1468 et
231 1422 291 1494 per
315 1393 528 1494 consequeus
555 1396 621 1468 iam
648 1423 688 1468 ex
715 1394 779 1468 hoc
805 1395 915 1494 capite
932 1412 1024 1470 esset

55 1507 190 1580 inutilis
216 1522 249 1578 et
275 1505 436 1578 invalida.
456 1506 520 1580 Sed
540 1506 710 1605 quidquid
729 1507 775 1578 sit
792 1505 834 1577 de
852 1506 917 1579 hac
934 1523 1023 1595 certe

57 1617 153 1691 baud
181 1617 372 1716 spernenda
399 1618 541 1706 ratione,
572 1634 808 1715 argumentum
835 1645 854 1689 a
880 1643 1023 1691 consue·

56 1729 192 1814 tudine,
211 1725 252 1800 de
270 1754 338 1825 qua
356 1727 515 1816 dicimus,
538 1728 732 1814 deductum,
755 1729 867 1826 magni
885 1728 1024 1804 omnino

56 1840 222 1940 ponderis
247 1839 381 1912 videtur
407 1866 468 1937 pro
488 1866 571 1912 casu
590 1857 704 1914 nostro
722 1867 789 1939 quo
808 1856 957 1940 potestas
975 1840 1023 1913 le-

52 1952 219 2050 gislativa
244 1949 337 2046 leges
357 1947 557 2022 tributorum
576 1950 744 2036 indicens,
767 1949 954 2048 dequibus
973 1967 1025 2024 est

56 2063 237 2162 quaestio,
272 2079 388 2160 aperte
421 2087 486 2135 non
526 2060 684 2160 reprobat
716 2059 1019 2150 consuetudinem,

54 2201 166 2274 quam
193 2180 256 2246 scit
280 2171 478 2248 contrahas
497 2199 576 2246 suas
595 2171 687 2270 leges
705 2173 832 2269 vigere,
854 2197 916 2244 nec
934 2169 1023 2262 clare

56 2284 210 2358 declarat
234 2283 320 2357 velle
346 2283 445 2356 aliter
470 2282 621 2382 obligare
638 2310 678 2357 ac
697 2284 853 2356 homines
874 2308 1025 2356 commu-

57 2397 147 2470 niter
172 2395 453 2495 apprehendant,
483 2396 629 2469 maxime
658 2423 733 2470 cum
769 2395 930 2468 accedant
958 2423 1024 2470 non

57 2506 227 2605 ignobiles
252 2506 324 2577 Db.
354 2509 413 2603 qui
440 2505 582 2579 doceant
607 2532 649 2578 er
674 2505 733 2578 illa
758 2506 833 2602 lege
859 2506 909 2578 sic
935 2532 1024 2580 con·-

56 2620 178 2692 stituta
204 2644 271 2692 non
298 2644 458 2714 exurgere
485 2619 646 2690 maiorem
672 2616 931 2714 obligationem,
963 2643 1025 2692 nec

55 2731 263 2805 strictiorem
297 2754 336 2802 ac
362 2755 402 2802 ea
433 2755 540 2830 qnam·
571 2729 724 2825 agnoscit
748 2744 781 2801 et
807 2728 905 2825 ponit
935 2753 1024 2800 con-

57 2841 220 2915 suetudo.

135 2950 299 3024 Probatur
318 2951 366 3023 4⁰.
395 2951 478 3050 quia
496 2950 750 3049 interpretando
777 2949 840 3021 bas
872 2948 964 3045 leges
990 2947 1025 3019 in

57 3065 126 3138 boo
153 3087 256 3136 sensu
283 3078 319 3134 ut
343 3060 454 3136 solum
479 3060 630 3158 obligent
656 3061 698 3136 ad
726 3059 886 3133 mulctam
912 3059 1025 3159 quiin

58 3173 182 3248 fraude
206 3173 332 3247 fuerint
356 3172 575 3269 deprehensi,
593 3189 748 3248 seruatur
765 3170 956 3272 aequalitas
974 3172 1026 3244 iu·

58 3287 187 3374 stitiae,
199 3311 287 3386 quae
305 3284 348 3357 ad
367 3284 467 3358 talem
485 3283 727 3381 obligationem
747 3282 942 3360 necessaria
958 3299 1023 3357 est.

55 3397 134 3470 Hoc
159 3395 251 3482 enim
275 3394 375 3470 modo
402 3394 717 3468 nondelraudatur
746 3393 884 3492 publica
911 3419 1029 3466 neces·

54 3508 149 3582 sitas
173 3522 362 3608 opportuno
388 3505 564 3596 subsidio,
594 3505 677 3604 quia
708 3531 768 3604 per
802 3503 1030 3579 adiectionem

57 3643 194 3718 poenam
224 3632 464 3718 compensatur
484 3616 660 3718 *quidquid
689 3641 748 3716 per
778 3613 1035 3694 fraudationem

890 3724 908 3760 t
