2640 4430
715 262 752 274 ..
775 231 815 290 32
836 263 874 276 -

315 337 397 436 quia
423 337 457 406 in
484 334 587 407 dubio
614 333 765 430 iudicare
791 330 959 406 debemus*
980 335 1086 431 legem
1114 361 1193 411 esse
1221 337 1273 406 mi-

317 474 381 519 nus
407 446 557 520 strictam
584 461 617 517 et
644 445 814 543 poenalem
844 445 894 542 (C.
915 445 995 519 odia
1012 449 1070 518 tt.
1091 445 1128 518 C.
1150 448 1189 518 ln
1220 447 1273 520 cle

315 559 425 631 souris
454 559 528 641 30„
552 555 588 630 C.
611 557 647 628 ln
674 557 792 654 poenis
813 558 871 628 49.
892 557 934 628 de
953 557 1034 653 aeg.
1056 557 1140 642 iuris
1165 559 1203 640 in
1225 563 1269 651 6.)

315 687 386 742 tum
412 669 493 768 quia
520 668 616 740 sicuti
645 667 772 766 quide
805 667 939 740 duobus
976 669 1160 768 propositis
1195 668 1272 742 alte-

318 807 390 852 rum
417 781 573 861 affirmat,
595 780 734 852 alterum
763 780 896 852 videtur
921 781 1109 866 excludere,
1133 783 1272 878 (eNon-

318 917 360 963 ne
387 895 420 962 ὅ.
443 892 485 964 de
511 895 751 990 praesumpt.)‚
774 891 820 962 ita
846 891 1027 986 legislator,
1057 892 1115 991 qui
1136 891 1179 963 ad
1200 919 1272 990 poe·

318 1030 396 1074 nam
423 1021 592 1076 aeternam
623 1020 656 1074 et
690 1003 925 1100 temporariam
960 1018 1070 1100 potest
1101 1002 1269 1099 obligare²

318 1113 407 1188 hanc
433 1114 612 1210 irrogando
639 1113 731 1185 illam
758 1113 935 1186 excludere
960 1113 1104 1186 videtur.

391 1227 474 1299 Tum
501 1227 582 1324 quia
606 1225 816 1298 consuetudo
842 1225 982 1324 antiqua
1001 1225 1045 1297 ita
1063 1226 1197 1297 videtur
1215 1225 1271 1296 has

318 1339 408 1436 leges
436 1339 646 1438 interpretari
676 1337 870 1435 pracsertim
896 1337 1101 1424 saeculareS,
1123 1338 1167 1409 de
1193 1365 1272 1436 qua·

318 1455 390 1522 rum
419 1449 687 1546 transgressione
713 1475 780 1522 non
810 1449 986 1521 cousuevit
1019 1449 1152 1546 concipi
1188 1475 1272 1521 scru-

317 1561 434 1659 pulum
461 1585 571 1658 neque
596 1583 620 1632 a·
642 1559 764 1644 doctis,
798 1585 908 1658 neque
925 1558 968 1631 ab
988 1559 1145 1646 indoctis,
1169 1585 1271 1658 neque

317 1697 338 1744 a
365 1669 626 1769 poenitentibuS,
642 1747 643 1750 ,
659 1668 767 1770 neque
793 1698 814 1742 a
839 1671 1069 1759 confessariis,
1100 1697 1211 1770 neque
1236 1671 1271 1743 ab

318 1781 396 1854 aliis
423 1783 576 1856 cuiusvis
602 1782 818 1868 conditionis
848 1783 977 1854 ordinis
1003 1783 1056 1855 vel
1084 1809 1190 1856 sexus
1225 1783 1272 1856 ho·

319 1892 481 1979 minibuS,
503 1892 569 1965 nisi
597 1919 673 1965 oum
702 1920 761 1990 per
785 1919 844 1966 ees
870 1894 969 1966 etiam
996 1893 1049 1966 lex
1075 1893 1193 1966 divina
1224 1921 1272 1966 na-

319 2004 452 2090 turalis,
464 2021 522 2078 aut
539 2003 696 2091 revelata,
710 2021 769 2076 aut
782 2003 833 2078 lex
850 2007 1012 2078 canoniea
1025 2005 1267 2102 infringeretur.

369 2117 451 2189 Tum
478 2116 560 2214 quia
586 2115 729 2211 gentiles
755 2105 990 2213 legumlatores
1017 2116 1059 2188 de
1086 2141 1196 2214 poena
1224 2144 1271 2188 ae·

319 2245 415 2300 terna
440 2227 488 2298 nil
516 2244 700 2313 curarunt,
728 2245 761 2299 et
784 2228 991 2326 ¹paucissimi
1019 2229 1214 2302 saeculares
1238 2255 1271 2300 er

318 2339 523 2419 Christianis
549 2340 772 2438 reperiuntur,
795 2339 853 2439 qui
880 2339 1017 2436 quando
1031 2340 1094 2412 has
1115 2338 1207 2436 leges
1235 2340 1272 2412 le·

317 2466 408 2536 runt,
430 2467 462 2524 et
487 2451 637 2550 aliquam
666 2477 806 2549 poenam
834 2451 1051 2550 temporalem
1078 2455 1267 2550 imponunt,

318 2560 435 2640 dicant
459 2587 557 2634 suam
584 2561 802 2636 intentionem
829 2589 906 2636 esse
931 2563 975 2648 ad
1002 2589 1147 2661 poenam
1173 2581 1271 2636 aeter-

310 2725 314 2733 ·
318 2699 399 2755 uam
423 2673 523 2750 etiam
548 2671 712 2769 obligare,
730 2673 778 2745 ad
804 2700 907 2772 quam
934 2674 987 2748 lex
1004 2673 1122 2751 divina
1139 2674 1195 2747 vel
1213 2701 1272 2748 na-

309 2784 438 2864 ituralis
456 2811 532 2860 ncn
558 2783 698 2880 obligat.

369 2896 464 2982 Quae
489 2897 721 3021 praesumptio
753 2924 814 3022 pro
842 2860 956 2972 nostro
982 2922 1065 2970 casu
1092 2899 1272 2972 crescitur

306 3033 359 3082 eo
385 3007 477 3105 quod
504 3033 571 3079 non
593 3007 747 3104 ignorent
764 3008 936 3108 principes
954 3007 1110 3083 homines
1128 3033 1273 3089 consue-

306 3118 410 3194 ,nisse
435 3117 560 3199 tributa
584 3119 754 3206 fraudare,
770 3135 804 3190 et
830 3117 953 3193 multos
979 3144 1098 3216 graves
1125 3119 1273 3193 doctores

306 3230 459 3316 edocere,
487 3229 715 3317 confessarios
740 3257 808 3318 non
834 3231 948 3304 statim
975 3229 1097 3318 debere
1133 3229 1212 3320 illos
1237 3227 1273 3302 ad

306 3341 564 3428 λιιιιειίιιιιίοιιιιιιι
602 3341 759 3439 adigere,
791 3342 858 3417 imo
892 3341 995 3416 etiam
1031 3340 1131 3426 valde
1166 3341 1274 3466 plures

305 3451 403 3531 «uelle
436 3476 554 3542 eorum
589 3453 703 3550 leges,
742 3477 830 3552 quae
864 3479 1006 3552 poenam
1035 3453 1274 3552 tpmporariam

306 3565 511 3664 adiunctam
540 3563 679 3653 habent,
689 3563 780 3647 illes
792 3563 912 3657 saltem
919 3591 1021 3666 quae
1035 3565 1161 3668 tributu
1180 3589 1273 3670 prae·
