2640 4430
452 338 489 351 -
511 305 551 366 57
573 339 610 352 ..

30 427 171 485 statem
199 410 367 509 publicam
388 410 471 483 haec
489 411 635 484 maxima
652 411 922 487 inconvenientia
939 416 1010 488 vel-

30 524 86 608 le,
122 510 314 596 dicendum
345 521 429 596 velle
460 538 587 595 tantum
613 522 761 620 obligare
793 541 830 596 ut
861 527 1010 601 secunda

33 635 127 708 dicit
158 633 338 708 sententia.
795 702 798 708 .

114 745 388 818 Ad'secundum
407 773 479 844 arg.
501 773 541 821 ex
568 748 696 820 ratione
723 773 814 846 resp.
840 749 943 846 Leges
961 750 1009 822 iu·

31 873 114 931 stac
145 875 181 930 et
205 874 385 956 praecepta
404 859 501 932 iusta.
518 859 704 958 stt-perionis
722 859 875 956 obligant
891 887 1008 932 seeun-

32 970 124 1042 dum
147 971 365 1045 intentionem
385 970 601 1067 legislatoris.
613 973 708 1044 Nunc
726 997 786 1070 pro
804 997 886 1044 casu
905 999 1008 1070 quae-

32 1082 169 1155 stionis
196 1081 375 1155 statuimus
409 1108 514 1181 supra
540 1083 575 1152 in
603 1109 754 1182 respons,
788 1083 830 1155 ad
862 1083 1006 1182 primum

32 1193 155 1290 legem
181 1193 379 1266 tributorum
407 1193 576 1293 loquendo
603 1193 645 1266 de
672 1194 828 1292 possibili
847 1220 949 1292 posse
967 1221 1007 1267 ax

35 1322 140 1403 parte
167 1306 327 1379 materiae
352 1305 502 1402 obligare
528 1305 637 1379 solum
666 1307 730 1379 suh
758 1334 878 1406 poena,
909 1321 942 1379 et
967 1333 1006 1380 eo

35 1418 148 1491 modo
177 1445 246 1516 quo
272 1418 355 1490 dicit
380 1417 530 1490 secunda
556 1418 736 1491 sententia.
755 1420 836 1491 Item
859 1418 1005 1492 dicimus

35 1555 147 1626 posse
173 1555 213 1600 ex
240 1545 332 1626 parte
359 1528 450 1615 finis,
468 1529 549 1627 quia
575 1528 654 1601 dato
680 1530 770 1628 quod
797 1529 921 1603 tributa
940 1555 1005 1602 non

35 1639 265 1737 imponantur
289 1667 329 1730 co
354 1640 454 1712 modo
482 1665 550 1739 quo
570 1627 649 1713 'vult
678 1641 786 1738 prima
815 1640 1001 1727 sententia,

38 1752 103 1822 sed
134 1751 244 1825 solum
273 1768 372 1850 prout
396 1752 468 1824 vult
495 1751 656 1838 secunda,
677 1778 742 1823 non
768 1753 848 1826 inde
876 1753 1004 1852 pericli·

38 1877 134 1935 tatur
160 1862 365 1960 respublica.
384 1862 474 1934 ldsm
504 1889 605 1958 posse
622 1889 662 1933 ex
681 1879 774 1961 parte
793 1865 918 1936 formae
937 1890 1004 1936 non

38 1973 174 2068 indiget
188 1973 396 2072 probatione,
410 1991 443 2044 ct
455 1972 552 2044 docet
566 1974 600 2042 S.
610 1973 754 2045 Thomas
771 1976 819 2068 (h.
830 1977 864 2044 2.
876 1977 1002 2072 qest.

39 2100 109 2154 art.
125 2087 159 2154 a.
177 2084 219 2156 ad
240 2085 399 2182 primum,
421 2099 453 2155 et
472 2088 505 2152 S.
528 2082 629 2181 Alph.
647 2082 706 2155 lih.
727 2085 769 2169 l.,
789 2087 888 2174 tlt.)
906 2101 939 2156 et
954 2102 1006 2157 est

40 2198 252 2268 communis
270 2194 499 2290 theologorum
535 2195 700 2268 sententia
735 2195 928 2270 confirmate
963 2221 1003 2268 ex

40 2305 124 2401 neg.
145 2307 230 2379 iuris
258 2309 316 2378 23.
342 2309 377 2378 in
396 2312 430 2378 h:
453 2307 549 2379 Unde
574 2305 646 2380 sola
672 2324 821 2380 remanet
850 2307 1004 2405 quaestio

41 2415 83 2488 de
110 2417 212 2502 lacto,
234 2445 278 2490 an
299 2418 428 2490 scilicet
445 2417 496 2490 lex
514 2417 656 2490 voluerit
675 2418 737 2492 hoc
755 2418 807 2490 vel
827 2418 885 2491 illo
904 2418 1004 2492 modo

42 2526 207 2625 obligare.
231 2529 348 2614 Quoad
367 2529 474 2624 leges
491 2529 547 2626 qui
568 2528 696 2599 nullum
718 2529 890 2602 continent
907 2557 1004 2627 prae-

41 2653 180 2735 ceptum
206 2638 358 2712 solvendi
390 2638 562 2726 tributum,
584 2640 643 2712 sed
668 2640 786 2712 dicunt
806 2639 1004 2736 simpliciter

41 2748 242 2822 solvendum
270 2751 352 2848 quin
378 2749 516 2822 verbum
536 2747 785 2847 praeceptivum
802 2750 999 2836 adhibeant,

41 2863 105 2932 etsi
135 2887 278 2959 poenam
307 2877 474 2947 statuant,
504 2876 555 2934 est
576 2860 674 2933 valde
701 2887 878 2934 commune
903 2878 935 2933 et
954 2887 1003 2932 ne-

41 2989 177 3068 ceptum
205 2973 290 3044 intel·
315 2973 489 3070 theologos
516 2965 608 3071 quod
640 2971 750 3045 solum
780 2971 931 3068 obligent
957 2970 1001 3044 ad

41 3107 186 3177 poenam
215 3101 293 3182 post
316 3084 427 3156 datam
456 3111 476 3156 a
502 3083 613 3158 iudice
640 3084 854 3156 sententiam.
884 3083 1001 3168 Quoad

41 3216 120 3268 veno
148 3195 239 3291 leges
265 3222 353 3294 qnae
383 3194 542 3268 tributum
573 3195 750 3294 imponunt
771 3195 883 3267 veihis
902 3221 999 3294 prae-

42 3305 186 3401 eeptivis
213 3322 246 3376 et
275 3303 375 3376 simul
407 3330 549 3402 poenam
580 3318 733 3376 statuunt
763 3331 829 3376 non
860 3304 1002 3376 solven-

44 3411 154 3499 tibus,
189 3441 231 3486 an
265 3415 365 3486 etiam
393 3413 542 3508 obligent
567 3412 610 3485 ad
637 3439 778 3510 poenam
805 3432 880 3512 post
905 3413 1002 3486 iudi-

43 3521 90 3594 cis
118 3525 341 3608 sententiam,
363 3522 414 3596 vel
441 3523 542 3594 stiam
572 3521 722 3619 obligent
744 3525 779 3596 in
797 3524 1003 3598 conscientia

42 3633 84 3703 ad
113 3635 205 3709 illius
240 3635 355 3709 tributi
383 3633 603 3722 solutionem,
640 3634 732 3734 quod
763 3637 998 3736 praecipiunt,
