2640 4430
706 303 746 318 ..
766 271 808 332 ω
827 304 867 317 ..

378 377 451 456 lmo
475 382 510 454 si
530 404 648 453 remu
672 377 725 452 est
747 377 841 476 quud
868 376 995 449 tribute
1011 376 1195 473 originaria
1214 377 1283 450 de-

306 496 461 578 beantur,
482 509 519 564 ut
543 490 615 564 vult
639 491 715 588 ipse
744 489 882 563 Lessius
912 515 989 563 cum
1016 487 1093 560 aliis
1117 515 1159 560 ex
1187 515 1278 561 cou-

306 622 414 680 tractu
440 605 526 675 inter
551 600 714 700 populum
739 617 774 672 et
798 599 999 698 principem,
1020 600 1153 672 videtur
1179 599 1276 674 bene

306 743 409 816 posse
434 714 584 813 presumi
610 710 701 811 quod
725 711 870 784 uoluerit
898 709 1041 810 populus
1067 711 1102 782 in
1128 711 1279 809 princi-

306 853 383 928 pem
404 825 584 899 transferre
609 839 821 921 patestatem,
852 849 920 920 qua
946 822 1020 920 ipse
1046 839 1161 920 posset
1190 825 1280 895 stri-

306 939 400 1013 ctiori
431 936 531 1009 modo
557 934 719 1034 populum
746 933 852 1029 ligare
869 932 911 1006 ad
929 959 1005 1006 enm
1025 933 1140 1020 finem,
1161 961 1278 1032 quem

306 1065 424 1148 posset
453 1047 608 1146 princeps
636 1071 701 1118 nou
732 1046 846 1116 minus
879 1044 986 1131 bene,
1016 1045 1195 1119 moraliter
1219 1047 1279 1120 io-

306 1160 453 1260 qucndo‚
474 1158 636 1244 obtinere,
659 1156 821 1256 populum
847 1156 970 1230 mitiori
992 1157 1092 1229 modo
1110 1157 1275 1252 ligando.

305 1271 348 1342 At
372 1271 496 1342 factum
524 1269 654 1367 probat,
676 1285 834 1366 utsupra
856 1267 1017 1353 diximus
1037 1266 1196 1366 publicae
1216 1297 1279 1342 ne-

305 1381 453 1455 cessitati
482 1406 589 1479 aeque
620 1379 792 1452 subveniri
819 1381 919 1451 etiam
947 1378 1056 1478 posito
1083 1381 1178 1478 quod
1212 1385 1276 1452 tri-

304 1493 386 1565 buta
412 1492 521 1565 scium
554 1491 769 1588 imponantur
798 1489 958 1562 solvenda
993 1489 1028 1560 in
1058 1491 1276 1565 conscientia

306 1621 382 1701 post
412 1603 534 1674 iudicis
560 1602 773 1686 sententiam,
792 1626 886 1696 ergo
914 1600 1025 1697 potius
1051 1599 1277 1676 concluden-

306 1715 386 1787 dum
413 1730 528 1786 rantra
554 1713 782 1785 adversarios.

379 1824 431 1896 Ad
456 1824 640 1897 secundam
667 1823 955 1896 confirmationem
983 1849 1071 1922 resp.
1095 1824 1131 1894 Si
1150 1849 1277 1896 verum

305 1953 357 2012 est
380 1937 471 2036 quod
497 1936 681 2009 adversarii
702 1936 830 2018 dicunt,
854 1934 1155 2033 plerumquetales
1176 1935 1279 2032 leges

305 2050 453 2122 iniustae
477 2048 596 2133 iurent,
618 2073 658 2120 eo
684 2047 789 2144 quod,
810 2060 847 2116 ut
876 2046 1007 2118 dictum
1031 2061 1082 2118 est
1109 2073 1218 2144 supra
1238 2049 1276 2118 in

305 2159 574 2260 probationibus,
592 2157 717 2230 tributa
736 2159 772 2228 in·
791 2158 909 2231 maiori
928 2157 1119 2255 quantitate
1137 2158 1277 2232 soleant

304 2272 431 2371 imponi
458 2297 498 2342 ac
519 2296 584 2342 non
610 2270 724 2364 exigat
751 2294 854 2340 causa
882 2268 941 2339 illa
968 2267 1199 2366 particularis,
1225 2270 1278 2342 ob

305 2409 405 2482 quam
436 2382 667 2480 imponuntur,
685 2397 718 2452 et
742 2381 808 2451 iam
840 2379 961 2451 saltem
993 2406 1059 2450 non
1077 2379 1277 2476 obligarent

303 2515 364 2590 pro
395 2509 468 2562 rata
498 2516 671 2563 excessus.
693 2489 813 2576 Hodie,
838 2490 885 2563 ait
916 2491 1096 2564 Rousselot
1116 2496 1167 2602 (st
1185 2495 1273 2564 teu.

302 2625 336 2672 rt.
360 2603 427 2696 Ἄ),
449 2601 624 2700 Principes
643 2603 678 2673 iu
697 2603 902 2674 immensum
922 2621 1127 2698 exaggerant
1152 2605 1277 2677 omnia

304 2713 479 2798 mercium,
500 2731 532 2785 et
557 2713 835 2812 praescriptionis
861 2713 949 2800 iure,
972 2731 1107 2812 propter
1133 2719 1278 2814 praevi-

304 2847 363 2898 sas
395 2825 552 2912 fraudes3
582 2826 693 2898 dicere
726 2843 836 2898 autem
864 2826 913 2898 sic
939 2825 1031 2922 leges
1063 2827 1277 2916 tributorum

305 2961 384 3008 esse
407 2937 522 3034 (pucati
547 2951 677 3035 partem
703 2937 846 3008 iniustas
861 2951 907 3007 ·et
932 2963 998 3010 non
1025 2936 1193 3034 obligare,
1215 2968 1278 3015 es-

304 3065 356 3120 set
380 3062 526 3120 statuere
553 3048 792 3122 inconvenieus
825 3049 1027 3134 maximum,
1061 3051 1144 3148 qnia
1176 3072 1278 3126 esset

303 3183 435 3231 omnem
466 3158 660 3245 subditum,
686 3159 744 3258 qui
773 3157 893 3232 debeat
919 3159 1079 3232 tributum
1112 3161 1273 3251 solvere,

301 3267 451 3341 iudicem·
474 3270 650 3344 instituere
669 3271 704 3341 in
732 3271 870 3370 propria
897 3295 1000 3342 causa
1018 3295 1203 3371 quousque
1221 3290 1279 3348 te-

302 3394 420 3451 neatur
450 3381 605 3468 solvere;
636 3409 734 3454 nemo
764 3400 875 3454 autem
904 3409 970 3455 nou
995 3382 1087 3454 videt
1118 3383 1278 3482 plurima

301 3489 391 3563 mala
415 3513 455 3569 ert
473 3490 538 3564 hoc
554 3491 664 3590 sequi,
686 3518 829 3592 quorum
852 3493 966 3565 forsan
994 3492 1057 3564 erit
1085 3494 1278 3569 minimum
1317 3509 1318 3542 ³

300 3617 403 3675 totam
429 3602 537 3700 legem
567 3602 772 3676 labefactari.
794 3605 842 3676 Ne
873 3605 977 3703 igitur
1000 3604 1159 3680 dicamus
1181 3625 1282 3708 pote-
