2640 4430
707 357 744 368 -
768 327 807 384 76
829 357 865 369 -

307 453 386 507 sunt
411 460 516 506 causa
540 433 656 504 damni
684 432 776 531 quod
803 434 882 504 inde
908 433 1011 504 sentit
1046 430 1101 503 ille
1130 433 1190 529 qui
1219 433 1274 504 ius

307 544 453 617 habebat
478 545 521 616 ad
548 541 632 614 illud
658 541 789 614 lucrum
825 542 916 641 quod
945 569 1003 642 per
1031 569 1175 640 poenam
1214 544 1275 614 de-

308 649 528 740 cernebatur,
560 652 644 724 illud
670 653 761 725 enim
792 652 925 726 illorum
957 653 1058 753 culpa
1085 679 1152 726 non
1189 679 1274 750 per—

308 766 403 863 cipit.

380 877 485 970 Negat
511 893 620 947 tameo
649 874 859 947 communior
885 874 1070 960 sententia,
1103 875 1184 972 quia
1214 877 1270 947 isti

206 1009 209 1016 ⁴
308 985 466 1059 custodes
493 983 601 1058 solum
629 1001 783 1057 tenentur
807 984 838 1055 vi
870 981 974 1056 officii
1009 985 1190 1082 vectigalia
1218 1013 1270 1056 rc-

308 1099 433 1196 cipem,
456 1113 489 1170 et
514 1097 692 1194 invigilare
718 1124 760 1169 ne
777 1097 862 1168 baec
879 1096 1090 1182 fraudentur,
1104 1124 1172 1170 non
1191 1123 1272 1169 vero

308 1209 451 1282 mulctas
485 1211 638 1308 inlligere
670 1209 728 1282 illa
758 1208 1008 1281 fraudantibus.
1042 1211 1131 1282 lstas
1171 1211 1274 1307 igitur

307 1323 482 1396 restituere
501 1348 568 1395 non
588 1339 742 1394 tenentur
759 1321 822 1394 etsi
842 1319 957 1393 eorum
979 1320 1187 1417 negligentia
1206 1349 1271 1394 non

308 1433 482 1506 solvantur
495 1434 576 1531 quia
590 1446 707 1504 contra
721 1431 883 1503 iustitiam
903 1430 937 1500 in
952 1429 1016 1502 hoc
1029 1431 1190 1504 custodes
1206 1459 1271 1504 non

307 1543 761 1643 peccant.Salm.(tract.13.
779 1543 962 1634 01130.)
980 1541 1135 1614 baCroix
1153 1542 1266 1636 (lib.3.

308 1684 343 1754 p.
359 1661 391 1728 0.
415 1657 488 1753 tt.)
514 1656 605 1752 Lugo
637 1655 930 1752 (0110001102.)
962 1655 1107 1728 Gousset
1130 1658 1269 1750 (1000.)

308 1767 399 1864 quod
430 1766 529 1837 etiam
554 1765 644 1838 valet
663 1791 723 1864 pro
742 1791 824 1838 casu
842 1793 910 1864 quo
929 1766 993 1866 ipsi
1012 1767 1174 1838 custodes
1195 1793 1270 1866 pos-

309 1894 384 1948 sent
408 1903 448 1949 00
476 1903 513 1948 se
539 1876 683 1948 mulctas
710 1875 877 1973 infligere,
900 1873 1105 1948 nam'etiar'n
1126 1903 1188 1974 pro
1208 1877 1268 1948 boc

309 2014 390 2060 casu
416 1989 572 2061 videntur
597 1988 741 2060 militare
761 1988 907 2060 rationes
926 1986 1105 2073 adductae,
1119 2005 1152 2059 et
1169 1988 1270 2060 dissi-

309 2101 470 2172 mulando
494 2099 547 2172 vel
565 2099 776 2173 connivendo
794 2126 869 2170 cum
890 2097 1159 2186 fraudatoribus,
1175 2109 1272 2198 prout

309 2229 561 2310 argumentatur
580 2214 671 2308 Lugo
689 2214 748 2285 cit.
765 2212 924 2285 videntur
941 2211 1154 2285 solummodo
1171 2239 1271 2312 supra

310 2351 346 2396 se
372 2349 546 2397 assumere
571 2322 655 2395 illud
683 2325 846 2396 damnum
874 2323 963 2421 quod
983 2322 1040 2394 alii
1059 2323 1220 2410 inserunt,
1239 2341 1270 2396 et

308 2435 511 2506 constituere
539 2460 576 2505 se
601 2435 701 2533 quasi
728 2450 884 2506 auctores
914 2433 1007 2505 illius
1038 2433 1176 2520 damni,
1208 2461 1269 2506 nou

309 2569 387 2640 crgo
413 2543 617 2616 tenebuntur
643 2546 685 2616 ad
713 2545 873 2618 maiorem
893 2544 1152 2631 restitutionem,
1170 2573 1269 2644 quam

311 2656 338 2726 si
367 2655 433 2752 ipsi
462 2655 524 2728 soli
550 2657 697 2729 luissent
723 2681 837 2729 revera
857 2671 1010 2728 auctores
1029 2651 1122 2728 illius
1140 2656 1266 2728 damni.

344 2770 347 2776 ’
382 2766 574 2839 Notandum
601 2794 680 2841 vero
699 2768 789 2867 quod
809 2766 984 2864 gabellarii
1005 2795 1070 2842 non
1089 2768 1267 2841 damnandi

311 2893 402 2962 sunt,
424 2878 561 2976 quando
588 2879 733 2951 subinde
760 2878 942 2976 benignius
968 2897 1072 2976 agunt
1091 2880 1268 2977 praecipue

310 2980 385 3060 cum
413 2989 631 3088 pauperibus,
652 2991 704 3063 vel
732 2991 833 3064 etiam
852 2990 1039 3090 aliquando
1056 3019 1133 3064 cum
1152 2992 1194 3062 iis
1212 2990 1267 3088 qui

310 3096 461 3194 gabellas
480 3098 564 3172 alias
583 3101 761 3197 diligenter
779 3099 1058 3198 solvunt.Vogler
1075 3102 1167 3201 apud
1181 3104 1269 3174 Soet-

309 3208 473 3279 0100100.
496 3209 547 3281 vel
576 3211 605 3283 si
633 3226 753 3308 agatur
778 3211 820 3282 de
848 3237 952 3308 parva
980 3237 1027 3299 re,
1044 3213 1097 3285 vel
1116 3213 1159 3284 de
1178 3238 1210 3284 re
1226 3212 1268 3284 ad

309 3343 406 3390 usum
436 3345 602 3416 personae
629 3321 812 3394 deserentis
840 3337 940 3420 prout
966 3324 1013 3395 ait
1030 3323 1166 3395 Scavini
1186 3325 1264 3392 610.

311 3444 380 3500 not.
402 3430 465 3503 Sed
493 3431 557 3504 boc
575 3431 729 3504 ultimum
748 3431 884 3504 ridetur
903 3432 1118 3505 limitandum
1139 3434 1167 3504 si
1186 3433 1268 3505 intra

309 3537 434 3614 limites
469 3543 725 3615 consuetudinis
762 3544 993 3630 contineatur,
1022 3544 1110 3616 idest
1136 3569 1201 3616 non
1227 3543 1267 3615 sit

312 3655 475 3729 resvelde
493 3655 906 3757 notabilissupponimus
924 3684 1003 3734 vero
1021 3685 1124 3760 super
1142 3658 1202 3732 has
1217 3683 1266 3729 res
