2640 4430
445 332 482 344 ..
505 303 544 360 47
565 333 602 345 -

105 407 197 478 Nam
224 421 257 476 et
283 429 344 480 nos
370 401 514 476 dicimus
550 403 673 478 tributa
702 405 816 480 deberi
849 411 883 480 in
914 437 1004 486 cou-

22 515 195 601 scientia,
216 531 249 588 et
274 515 373 590 etiam
402 513 555 588 admissa
581 533 695 588 nostra
722 521 903 608 sententia,
934 550 1001 596 non
1081 522 1082 530 '

26 653 165 726 parvus
194 624 395 724 relinquitur
421 626 514 699 locus
540 627 757 701 exactitudini
782 646 814 703 et
832 631 998 706 fidelitati.

24 739 171 811 Etenim
198 755 231 809 et
258 738 292 807 in
321 755 434 810 nostra
461 739 627 813 sententia
654 766 718 811 noo
738 760 918 814 excusatur
935 745 1003 816 sal·

26 866 101 920 tem
132 874 153 920 a
181 862 318 947 peccato
344 863 460 920 contra
485 852 714 935 veracitatem,
749 853 805 950 qui
838 854 879 934 ad
912 855 1002 928 irau-

26 959 152 1030 danda
180 958 304 1032 tributa
330 959 499 1043 mentitum
520 959 620 1031 etiarn
649 962 681 1030 in
703 980 815 1034 nostra
834 967 1002 1038 sententia

29 1087 176 1169 peccat,
210 1085 309 1167 prout
340 1068 530 1142 videbimus
556 1069 661 1156 inira,
691 1073 749 1170 qui
786 1074 941 1148 velletri
969 1094 1002 1152 et

28 1183 141 1254 armis
169 1207 189 1252 a
215 1180 411 1253 tributorum
446 1179 613 1253 solutione
639 1208 676 1254 se
701 1187 869 1272 eximere;
900 1187 1000 1258 etiam

29 1295 64 1365 in
95 1308 216 1367 nostra
242 1293 407 1366 sententia
434 1319 500 1366 uon
528 1293 796 1367 licetministros
816 1283 1000 1371 adtributa
1108 1330 1112 1336 ·

28 1404 203 1502 exigenda
236 1403 447 1502 praepositos
478 1429 692 1503 quocumque
719 1405 817 1480 modo
843 1433 1000 1480 corrum-

32 1543 139 1614 pere,
171 1533 204 1587 et
238 1515 343 1588 multo
369 1514 477 1610 magis
503 1515 603 1587 etiam
632 1515 665 1586 in
693 1534 807 1590 nostra
833 1520 1000 1592 sententia

30 1654 103 1700 non
133 1627 212 1700 licet
236 1651 451 1723 corrumpere
476 1625 607 1698 iudices
625 1626 668 1698 ad
687 1653 829 1726 quorum
850 1629 998 1704 tribunal

29 1737 154 1836 aliqua
172 1738 215 1808 de
233 1736 367 1809 tributis
385 1763 488 1809 causa
505 1736 686 1810 deleratur.

109 1849 225 1923 Solum
261 1875 322 1922 nos
354 1849 568 1948 disputamus
594 1849 638 1920 de
663 1867 784 1923 natura
815 1867 848 1925 et
877 1871 999 1924 exten-

31 1963 134 2035 sione
167 1960 384 2058 obligationis
416 1987 518 2059 quam
554 1961 698 2058 imponit
728 1962 761 2033 in
792 1964 999 2037 couscientia

30 2071 90 2144 lex
118 2071 328 2152 tributorum,
349 2086 382 2144 et
406 2070 449 2142 de
475 2070 539 2143 boc
566 2086 690 2167 puncto
718 2071 764 2141 nil
793 2071 893 2144 babet
919 2073 999 2144 Ter-

31 2181 200 2256 tullianus
227 2209 338 2281 neque
363 2181 397 2252 iu
417 2207 479 2254 suo
496 2180 725 2279 Apologetico‚
749 2209 861 2281 neque
879 2183 913 2256 iu
931 2184 1001 2258 ool·

30 2293 93 2367 lat.
117 2293 248 2391 Andeg.
268 2319 344 2366 cum
370 2291 496 2391 quibus
524 2291 669 2365 dicimus
694 2309 728 2366 et
753 2320 815 2366 uos
843 2294 878 2368 in
899 2293 999 2392 pluri·

32 2404 99 2480 bus
126 2405 265 2478 casibus
291 2404 404 2478 adbuc
430 2420 558 2478 retenta
579 2420 694 2477 nostra
712 2406 877 2478 sententia
897 2433 999 2504 posse

32 2517 210 2617 publicum
242 2516 402 2615 expilari,
436 2532 469 2590 et
502 2515 583 2588 dum
617 2516 843 2588 Tertullianus
880 2534 998 2614 gentes

32 2629 253 2729 reprehendit
269 2656 310 2703 eo
327 2627 417 2728 quod
437 2624 581 2700 multum¹
598 2627 734 2725 publico
752 2645 867 2726 pereat
880 2629 1000 2702 lraude

32 2759 66 2813 et
96 2741 277 2815 mendacio
312 2767 450 2813 suarum
482 2739 732 2837 professionum
768 2767 835 2813 non
866 2740 998 2813 videtur

32 2851 282 2951 reprehendere
308 2867 458 2924 nostram
487 2849 703 2935 sententiam,
724 2867 759 2922 et
783 2850 865 2923 dum
891 2852 999 2948 genti-

31 2961 119 3036 lium
145 2961 301 3035 lioentiae
326 2961 465 3060 opponit
490 2959 752 3034 christianorum
784 2960 994 3047 fidelitatem,

32 3074 121 3149 istos
139 3073 270 3171 primae
287 3073 473 3150 sententiae
490 3099 558 3146 non
577 3071 653 3146 ideo
670 3071 752 3145 lacit
769 3071 995 3146 subscribere.

109 3167 253 3283 Insuper
278 3183 462 3256 adversarii
488 3182 613 3284 optime
639 3211 677 3258 se
702 3209 819 3282 gerere
842 3173 999 3257 videren-

33 3309 88 3370 tur
104 3295 137 3368 si
155 3298 191 3368 iu
209 3295 337 3368 lumine
356 3312 519 3394 ponerent
537 3295 621 3396 quid
647 3295 712 3369 sub
730 3294 833 3370 verbo
850 3294 998 3393 vectiga-

33 3405 74 3481 lis
101 3405 284 3481 intenderit
299 3406 539 3480 Tertullianus.
559 3409 643 3479 Nam
670 3405 999 3508 praeterquamquod

33 3516 80 3590 ibi
96 3516 321 3592 Tertullianus
334 3517 435 3615 longe
451 3517 559 3590 luisse
576 3517 710 3590 videtur
726 3535 880 3592 auosua
898 3543 1001 3617 quae

30 3631 156 3720 stione,
174 3628 318 3706 [orasse
338 3635 415 3704 uou'
432 3645 493 3704 est.
509 3627 639 3729 absque
656 3628 800 3709 utilitate
818 3627 999 3706 memorari
